3925 6675
683 1137 933 1202 obsessiones
951 1137 1262 1190 ARISTOPHANEAE.
1528 1132 1594 1200 299

360 1299 407 1364 At
438 1304 545 1365 tamen
575 1299 656 1366 haee
683 1321 878 1384 quamquam
906 1303 981 1384 apte
1009 1303 1041 1364 et
1069 1298 1193 1364 utiliter
1221 1298 1347 1364 adnecti
1374 1298 1594 1384 superioribus

360 1405 523 1490 ridentur,
554 1427 628 1472 cum
660 1406 778 1490 quibus
809 1407 843 1471 in
874 1427 970 1471 unam
998 1411 1032 1470 et
1059 1406 1235 1472 orationem
1264 1409 1297 1471 et
1324 1407 1514 1472 sententiam
1544 1427 1595 1472 oo·

360 1513 506 1579 elescunt
537 1511 703 1600 (poteraut
734 1513 820 1578 enim
848 1511 927 1578 baec
954 1535 1014 1598 per
1041 1534 1075 1578 se
1103 1518 1249 1578 constare
1276 1513 1366 1578 nulla
1394 1536 1429 1577 rs
1456 1512 1593 1598 amplius

359 1619 470 1686 addita
492 1619 557 1704 ἐγώ
581 1636 618 1685 σε
640 1622 769 1704 ποιήσω
787 1631 1000 1704 τριηραρχεῖν
1018 1618 1240 1686 ἀναλίσκοντα
1258 1631 1327 1686 τῶν
1344 1617 1493 1706 σαυτοῦ),
1517 1620 1594 1704 quid

360 1728 450 1792 iuvat
468 1727 540 1812 hoc,
558 1729 586 1793 si
606 1748 689 1813 quae
703 1728 917 1812 insequuntur
930 1726 1034 1792 nihilo
1048 1728 1154 1792 minus
1168 1727 1226 1792 illa
1239 1749 1308 1792 esse
1322 1727 1495 1792 reiioienda
1508 1729 1593 1792 evin-

360 1839 447 1919 cunt,
471 1836 618 1900 τταλαιὰν
640 1843 728 1899 ναῦν
749 1831 862 1918 ἔχοντ’
885 1836 933 1911 εἰς
955 1833 999 1917 ἣν
1021 1833 1155 1900 ἀναλῶν
1178 1834 1240 1900 οὐκ
1263 1832 1411 1918 ἀφίξειςῖ
1448 1831 1502 1901 Sic
1525 1856 1593 1900 sen-

359 1942 439 2008 sisse
461 1940 607 2007 Koclrius
634 1940 777 2025 ridetur,
805 1941 861 2024 qui
884 1939 932 2006 ita
953 1941 1087 2024 iudicat,
1110 1942 1137 2006 si
1161 1945 1246 2006 recte
1270 1941 1494 2028 intelligimus,
1518 1941 1594 2025 quia

358 2047 573 2114 subiiciautur
598 2047 678 2114 haec
704 2051 753 2125 εἰς
778 2049 822 2132 ἣν
844 2046 1000 2112 ἀναλῶν
1027 2048 1089 2114 οὐκ
1113 2045 1253 2132 ἐφέξεις,
1282 2047 1334 2113 his
1357 2070 1423 2114 non
1446 2049 1594 2133 apposite

357 2156 522 2240 praemitti
545 2176 647 2240 paene
670 2154 803 2220 eandem
822 2155 858 2219 in
875 2155 1067 2220 sententiam
1086 2155 1354 2221 ἀναλίσκοντα
1372 2167 1439 2220 τῶν
1458 2165 1592 2220 σαυτοῦ.

358 2260 431 2339 Qua
453 2265 489 2328 in
509 2285 545 2328 re
567 2283 628 2328 nos
650 2263 697 2327 ita
718 2262 914 2348 quaerimus:
938 2283 1020 2346 quae
1039 2263 1124 2327 mala
1143 2267 1218 2327 sunt
1236 2266 1350 2346 suapte
1369 2267 1492 2344 natura,
1516 2284 1593 2326 eane
1609 2289 1634 2330 ιι

357 2375 498 2455 possunt
516 2371 613 2435 certis
632 2368 877 2435 condicionibus
895 2370 991 2434 etiam
1010 2370 1119 2454 peiora
1138 2369 1229 2435 fieri?
1262 2368 1296 2434 si
1316 2372 1510 2454 τριηραρχία
1528 2390 1593 2434 non

358 2481 468 2560 potest
490 2498 559 2542 esse
582 2477 651 2541 sine
674 2477 766 2564 gravi
788 2475 834 2541 rei
857 2475 1027 2542 familiaris
1051 2476 1229 2562 impendio,
1252 2480 1430 2562 possuntne
1452 2476 1593 2542 rationes

355 2583 549 2670 excogitari,
576 2584 693 2669 quibus
721 2583 785 2649 hoc
810 2583 1009 2668 impendium
1037 2585 1250 2650 necessarium
1279 2583 1377 2649 etiam
1405 2583 1534 2668 gravius
1561 2587 1594 2647 et

356 2691 571 2775 perniciosius
594 2691 708 2755 eradat
728 2700 773 2778 τῷ
786 2691 1069 2776 τριηραρχοῦντιλ
1106 2689 1199 2768 Quod
1218 2692 1245 2755 si
1265 2695 1322 2774 est,
1346 2692 1423 2775 quid
1442 2690 1591 2775 impedie-

358 2798 415 2862 bat
433 2799 605 2882 quominus
623 2795 800 2883 Paphlago,
818 2819 913 2882 quem
931 2797 996 2864 hoc
1014 2819 1108 2884 agere
1126 2798 1271 2864 ridemus
1290 2803 1327 2862 ut
1346 2797 1591 2862 terribilissimis

358 2905 456 2970 minis
473 2905 509 2970 in
526 2909 682 2970 terrorem
701 2904 851 2969 coniiciat
869 2904 1109 2989 allantopolam,
1133 2909 1304 2990 postquam
1323 2927 1389 2969 rem
1410 2905 1591 2970 universam

358 3011 555 3098 significavit
576 3033 675 3095 quam
693 3034 728 3076 se
746 3012 966 3096 perfecturum
985 3012 1162 3096 profitetur,
1181 3013 1308 3096 ποιήσω
1327 3029 1364 3076 σε
1383 3023 1593 3095 τριηραρχεῖν

357 3117 581 3186 ἀναλίσκοντα
601 3129 670 3184 τῶν
688 3127 824 3202 σαυτοῦ,
846 3117 1056 3203 subiungeret
1074 3119 1232 3184 rationem
1251 3118 1454 3203 peculiarem,
1477 3140 1541 3203 qua
1560 3140 1593 3182 se

357 3225 445 3310 quod
473 3247 599 3310 semper·
625 3225 820 3290 horrendum
847 3229 916 3290 erat
943 3226 1042 3290 etiam
1069 3224 1259 3291 horribilius
1287 3225 1486 3290 redditurum
1513 3224 1594 3289 indi-

356 3337 454 3417 caret,
477 3334 623 3399 παλαιὰν
646 3342 732 3399 ναῦν
754 3329 873 3417 ἔχοντα
896 3334 944 3411 είς
965 3332 1009 3417 ἣν
1031 3331 1166 3399 ἀναλῶν
1189 3332 1250 3399 οὐκ
1270 3331 1416 3419 ἐφίξειςλ
1451 3331 1495 3397 Et
1513 3331 1592 3397 heco
1608 3360 1633 3399 ιο

356 3462 441 3524 quae
459 3440 538 3505 dicit
551 3439 708 3505 ἀναλῶν
722 3440 783 3505 οὐκ
797 3438 924 3524 ἐφέξεις
937 3440 1092 3525 quoniam
1105 3464 1145 3505 ne
1159 3446 1297 3526 possunt
1310 3440 1440 3525 quidem
1455 3442 1533 3505 satis
1547 3440 1593 3503 in·

358 3546 462 3633 telligi
475 3546 538 3611 nisi
552 3546 737 3611 memineris
749 3548 963 3632 τριηραρχίας
973 3546 1037 3613 hoe
1048 3564 1126 3631 esse,
1136 3546 1327 3613 ἀναλίσκειν
1339 3550 1379 3613 sel
1391 3545 1526 3629 ἑαυτῶν,
1537 3567 1594 3611 cur

356 3654 437 3717 adeo
457 3653 728 3739 reprehendimus,
752 3653 838 3738 quod
856 3652 919 3718 hoc
937 3654 1023 3737 quod
1042 3676 1108 3719 non
1126 3658 1235 3738 potest
1258 3676 1322 3720 non
1343 3653 1439 3719 simul
1458 3653 1593 3740 cogitari

356 3760 518 3845 expressis
532 3760 638 3825 verbis
653 3759 796 3825 additum
809 3758 957 3847 legimus,
971 3783 1008 3827 ae
1022 3783 1081 3826 nos
1096 3760 1224 3845 quidem
1238 3762 1283 3826 its
1295 3762 1460 3845 sentimus,
1474 3760 1592 3825 abillis

356 3888 441 3952 quae
459 3872 536 3933 sunt
554 3866 775 3932 ἀναλίσκοντα
793 3877 862 3931 τῶν
880 3876 1006 3932 σαυτοῦ
1026 3867 1224 3933 commodius
1248 3868 1426 3933 orationem
1441 3867 1592 3953 progredi

356 3974 398 4039 ad
415 3973 496 4041 haee
514 3974 648 4040 ἀναλῶν
664 3974 726 4039 οὐκ
740 3972 877 4057 ἐφέξεις,
896 3996 993 4059 quam
1008 3974 1110 4039 uthis
1125 3974 1241 4059 positia
1256 3972 1311 4038 illa
1326 3976 1419 4039 malis
1433 3972 1591 4059 abesse*).

448 4078 510 4145 Sed
538 4086 622 4146 esto:
649 4102 753 4164 neque
781 4082 866 4147 enim
895 4081 1017 4146 diutius
1045 4082 1078 4145 in
1103 4078 1155 4145 his
1177 4079 1324 4146 versibus
1347 4080 1512 4167 exigendis
1536 4081 1593 4145 im·

357 4187 564 4271 morabimur,
583 4210 664 4271 quos
682 4192 809 4253 tantum
827 4210 892 4253 non
911 4188 1168 4273 praetermittere
1186 4186 1382 4271 volebamus,
1405 4192 1537 4272 propter
1555 4210 1593 4253 ea

359 4316 441 4379 quae
455 4293 605 4380 deinceps
619 4294 739 4359 similia
752 4294 933 4360 exsecuturi
942 4316 1062 4359 sumus.
1086 4292 1170 4359 Sunt
1179 4295 1263 4359 enim
1275 4316 1383 4359 versus
1393 4294 1592 4379 Lysistratus

895 4398 921 4467 ὦ
947 4406 1014 4467 Ζεῦ
1040 4406 1106 4466 Ζεῦ

680 4507 746 4574 εἴθ’
774 4508 880 4592 αὐτὴν
902 4509 1013 4593 ὥσπερ
1037 4510 1116 4586 τοὺς
1139 4510 1276 4593 θωμοὺς

680 4617 812 4704 μεγάλα
834 4623 931 4705 τυφῷ
951 4614 1029 4701 [τιὶ
1052 4625 1245 4701 aerario

304 4754 347 4811 1⁰
569 4722 635 4786 975
681 4720 900 4805 ξυστρέψας
921 4721 1000 4807 καὶ]
1024 4720 1343 4806 ξυγγογγυλίσας

680 4835 788 4915 οἴχοιο
811 4828 939 4913 φέρων,
963 4821 1034 4895 εἶτα
1056 4832 1205 4915 μεθείης,

679 4936 701 5021 ἡ
724 4931 762 5001 dl
785 4934 912 5021 φέροιτ’
939 4932 983 5002 αὖ
1006 4935 1109 5001 τάλιν
1131 4936 1179 5013 είς
1201 4936 1263 5021 την
1284 4947 1348 5021 γῆν

359 5046 392 5107 et
414 5042 449 5108 hi
472 5045 506 5109 iu
530 5042 871 5129 Thesmophoriaausis
894 5040 968 5131 (59)

446 5220 513 5289 ⁸20)
531 5217 575 5275 Ne
593 5218 789 5275 insimulemus
806 5234 866 5273 rem
884 5218 1080 5291 grsrimimsm
1099 5218 1330 5290 praetermisisse,
1349 5219 1402 5274 hoe
1417 5218 1546 5272 addimus
1561 5218 1590 5271 iu

358 5307 544 5364 adnotatione
561 5308 742 5378 perbreviter,
761 5308 880 5362 ducrum
897 5308 1113 5378 participiorum
1132 5324 1205 5379 quse
1224 5309 1263 5363 sit
1280 5308 1354 5363 ratio
1371 5306 1520 5362 obscurum
1535 5322 1590 5361 sou

358 5413 419 5453 esse
438 5400 468 5454 et
485 5398 629 5453 cumulare
647 5398 799 5469 participis
817 5396 1001 5466 Aristophani
1020 5412 1156 5467 perquem
1175 5395 1315 5453 familiare
1333 5396 1429 5452 fuisse.
