3925 6675
654 1128 703 1177 nn
721 1128 952 1179 nnfflunnuno
971 1128 1130 1179 vinario
1149 1128 1303 1180 nennio.
1536 1127 1600 1192 145

329 1283 432 1352 hest
449 1290 511 1352 uni
528 1289 596 1352 voci
613 1288 781 1373 scripsisse
800 1288 910 1373 itaque
933 1288 1042 1352 edidit.
1071 1287 1158 1365 Quae
1182 1310 1249 1354 non
1272 1290 1435 1376 inelegans
1455 1293 1504 1355 est
1523 1291 1600 1355 scri·

360 1398 476 1479 ptum,
507 1395 659 1479 quoniam
683 1397 742 1460 sni
763 1398 830 1460 coci
851 1418 1006 1480 perquam
1030 1400 1104 1480 apte
1131 1403 1243 1477 septem
1271 1397 1448 1463 manaem
1477 1397 1599 1482 opponi

360 1500 525 1567 ridentur.
561 1501 625 1567 Sed
652 1524 750 1586 quam
776 1504 992 1567 necessarium
1020 1502 1118 1567 fuerit
1146 1502 1207 1567 hoc
1232 1503 1317 1587 quod
1341 1525 1407 1568 non
1434 1505 1598 1590 inelegans

360 1628 434 1672 esse
462 1607 621 1695 largimur
651 1608 878 1674 addubitamus
911 1614 1082 1694 propterea
1113 1609 1199 1693 quod
1230 1610 1411 1675 creberrimi
1443 1632 1520 1676 usus
1550 1615 1600 1676 est

360 1714 451 1799 apud
480 1713 646 1780 Valerium
677 1737 853 1800 pronomen
883 1715 947 1795 dle,
979 1721 1017 1781 ut
1049 1716 1209 1802 significet
1236 1721 1310 1780 ante
1339 1739 1420 1801 quae
1448 1717 1599 1803 deinceps

361 1822 449 1885 enim
478 1822 638 1906 particula
664 1822 856 1908 interposita
882 1823 1062 1888 accuratius
1090 1824 1294 1907 expositurus
1322 1830 1379 1888 est.
1421 1823 1534 1908 Velut,
1562 1816 1600 1888 ut

362 1949 434 1992 ram
458 1930 662 1994 notissimam
685 1929 842 2014 exemplis
864 1930 977 2015 paucis
1002 1929 1206 2014 declaremus,

502 2037 577 2118 449,
596 2036 617 2100 3
635 2038 717 2120 Ape,
744 2037 802 2101 illa
829 2059 924 2118 qaam
952 2036 1149 2102 eesecrabiiis
1171 2037 1308 2102 militnm
1331 2040 1503 2104 temeritas:
1524 2039 1599 2120 fecit

501 2145 583 2208 enim
607 2149 644 2208 at
665 2145 705 2208 A
725 2144 862 2209 Albinus
885 2195 892 2208 .
918 2195 924 2208 .
948 2194 955 2208 .
978 2144 1138 2228 tepiditas
1160 2144 1352 2221 adrumetum·

500 2249 575 2333 452,
595 2251 615 2314 6
639 2250 739 2315 itiam
762 2272 830 2315 cero
852 2251 1000 2316 altionem
1023 2257 1051 2316 et
1072 2257 1198 2316 serratas
1220 2257 1249 2316 et
1270 2271 1434 2318 comesus
1456 2254 1597 2317 omnium
1612 2278 1640 2320 ιο

501 2357 701 2440 approbarit:
724 2378 793 2422 cnm
817 2359 900 2422 enim
923 2358 1092 2424 Adrianus
1115 2359 1194 2424 eires
1216 2359 1377 2424 Romarm
1399 2380 1463 2443 sqs.

501 2464 576 2548 413,
598 2464 639 2530 15
666 2464 734 2529 ms
761 2486 830 2529 cero
854 2465 976 2546 pieriae
1002 2466 1160 2547 cupiditas
1186 2465 1355 2548 semileqa:
1387 2468 1530 2530 inventas
1556 2472 1600 2530 est

501 2573 583 2636 mim
606 2573 662 2655 qai
683 2570 815 2637 Dianae
835 2572 995 2656 Ephesiae
1016 2573 1163 2654 templum
1186 2573 1348 2638 incendere
1370 2573 1457 2637 vellet
1480 2595 1544 2656 eqs.

384 2680 433 2739 aut
453 2679 534 2761 qnod
556 2678 654 2743 etiam
679 2681 812 2763 propius
836 2678 924 2744 illius
947 2679 1011 2744 loci
1034 2678 1074 2744 de
1097 2701 1161 2764 quo
1190 2679 1325 2744 dicimus
1354 2678 1599 2744 similitudinem

386 2784 502 2871 citingit
523 2785 599 2867 295,
620 2785 659 2849 17

505 2892 647 2974 Qcmntns
668 2894 720 2958 sn
740 2895 777 2958 in
799 2895 969 2976 sapientia,
997 2899 1103 2958 tannes
1121 2895 1157 2958 in
1180 2896 1281 2958 armis
1302 2894 1485 2959 Ateeander
1508 2895 1599 2959 iliam

500 3021 599 3066 vocem
622 3001 765 3065 nobiliter
787 3001 903 3066 edidit:
926 3000 1031 3065 Dario
1054 3002 1137 3066 enim
1156 3021 1218 3065 nno
1236 3002 1305 3064 iam
1324 3007 1352 3065 et
1369 3001 1465 3066 altero
1478 3002 1599 3083 proelio

500 3109 641 3172 mitatem
665 3088 875 3189 animem
894 3113 985 3190 atqie
1002 3108 1070 3172 ideo
1089 3113 1117 3172 et
1132 3113 1260 3189 partem
1277 3109 1367 3190 repm'
1386 3109 1492 3174 Tamo
1511 3114 1599 3174 mnas

500 3220 602 3280 monte
623 3222 651 3279 ct
672 3215 776 3298 fidiam
801 3217 835 3279 in
857 3216 1096 3279 matrimonium
1119 3235 1187 3279 carn
1212 3215 1309 3280 decies
1332 3221 1452 3280 centnm
1471 3215 1599 3280 mitibus

499 3322 649 3388 taderrtam
661 3321 832 3406 pollicente,
856 3343 925 3387 cnm
945 3321 1140 3388 Parmenion
1160 3322 1290 3388 dixisset
1306 3343 1346 3402 se,
1368 3324 1399 3389 si
1417 3323 1599 3389 Aleeandcr
1612 3349 1640 3389 n

498 3436 581 3508 esset,
603 3451 734 3495 mmmm
757 3450 794 3494 ea
817 3430 1002 3508 condicione,
1025 3430 1184 3511 respondit
1207 3431 1247 3494 ‘et
1264 3451 1316 3513 epo
1333 3435 1442 3509 uterer,
1465 3432 1494 3495 si
1514 3430 1598 3495 Par-

500 3539 625 3602 menion
648 3538 762 3603 essem?

387 3637 465 3707 Idam
496 3644 582 3707 enim
613 3664 713 3709 vocem
746 3666 842 3728 quam
873 3644 967 3708 initio
998 3643 1192 3707 narrationis
1223 3642 1302 3708 dicit
1331 3641 1480 3707 Valerius
1513 3644 1598 3707 infra

386 3744 494 3815 dmum
516 3772 584 3815 non
606 3751 653 3815 ita
675 3752 787 3836 paucis
810 3751 987 3815 interiectis
1011 3750 1189 3814 immixtam
1211 3750 1387 3814 narrationi
1407 3750 1507 3814 affert.
1545 3749 1597 3815 Ad

385 3872 441 3921 eum
462 3858 593 3923 modum
616 3858 668 3922 sti
689 3860 756 3923 roci
778 3857 924 3923 Africani
949 3858 1028 3923 dicit
1050 3857 1216 3922 inhaerere
1240 3856 1333 3920 Marii
1359 3856 1545 3921 consulatus
1565 3862 1598 3921 et

385 3960 560 4049 triumphos,
589 3965 662 4030 dein
693 3987 789 4049 quam
818 3987 930 4030 vocem
958 3964 1121 4051 intelligat
1150 3964 1223 4029 inde
1249 3986 1268 4027 a
1291 3964 1398 4027 verbis
1421 3965 1466 4027 ad
1487 3984 1595 4046 roqnm

385 4072 450 4135 sin
470 4093 567 4155 nsque
588 4072 748 4138 narrando
772 4074 966 4156 exsequitur.

454 4176 513 4244 Illa
527 4201 603 4244 vero
617 4180 700 4243 ratio
716 4200 779 4263 qua
792 4201 859 4243 rem
871 4179 1026 4266 agendam
1037 4177 1166 4260 indicat,
1181 4177 1294 4242 deinde
1304 4199 1373 4241 eam
1385 4195 1451 4241 rem
1462 4176 1502 4240 ab
1512 4178 1596 4241 enim

387 4285 521 4362 wticula
542 4286 704 4371 explicare
727 4286 851 4371 incipit,
874 4308 938 4369 quo
962 4286 1161 4370 frequentior
1184 4288 1233 4348 est
1256 4284 1341 4367 apud
1359 4282 1534 4367 Valerium,
1557 4305 1595 4349 eo

329 4435 330 4440 κ
390 4393 470 4478 mgis
486 4393 664 4458 diffidimus
678 4394 870 4458 correctioni
883 4392 982 4477 vulgo
996 4397 1142 4477 receptae
1157 4410 1194 4455 111
1210 4392 1239 4475 2,
1254 4393 1274 4454 2
1290 4389 1379 4478 (112,
1394 4388 1437 4478 8).
1465 4389 1595 4455 Etenim
1611 4416 1637 4455 so

329 4541 332 4575 i
392 4490 611 4566 &fortitudine
629 4499 851 4585 disputaturus
870 4504 1041 4584 postquam
1059 4523 1078 4564 a
1091 4498 1231 4564 Romulo
1246 4500 1349 4583 petiit,
1367 4502 1405 4561 ut
1419 4497 1481 4562 sibi
1496 4521 1595 4563 unum

329 4648 335 4678 .
394 4597 531 4673 iliarum
544 4608 662 4673 fortem
677 4609 881 4692 praemittere
894 4607 999 4690 liceat,
1013 4606 1150 4672 Horatio
1161 4604 1284 4670 Coclite
1294 4605 1423 4670 laudato
1434 4605 1479 4669 ita
1488 4607 1596 4691 pergit

500 4714 716 4781 Immemorem
743 4736 792 4779 me
811 4716 969 4797 propositi
996 4715 1057 4778 mei
1086 4713 1203 4778 Cloelia
1231 4715 1327 4794 facit:
1354 4733 1457 4793 paene
1487 4714 1594 4777 eadem

501 4826 580 4888 mim
603 4828 786 4905 tenrpestate
809 4828 886 4885 certe
908 4823 1057 4886 adversm
1079 4820 1208 4885 eamdem
1231 4820 1345 4885 testem
1373 4826 1401 4884 et
1429 4821 1463 4883 in
1491 4821 1593 4883 eodeni·

505 4930 606 4995 Triari
634 4930 784 5013 inclytam
815 4950 895 4993 ansa
920 4930 1064 5010 facinus:
1094 4929 1175 4991 inter
1202 4932 1316 4991 ederas
1345 4928 1428 4990 enim
1458 4927 1595 5007 cira-ines

503 5036 581 5103 obses
607 5037 789 5102 Porsennae
816 5037 892 5100 data
919 5036 1052 5101 hostiam
1080 5040 1228 5099 noctmno
1261 5040 1393 5114 tempore
1422 5033 1593 5097 custodiam

505 5163 617 5225 opressa
640 5165 751 5226 mmm
774 5144 948 5209 conscendit
969 5142 1116 5222 cderiqne
1138 5142 1267 5205 traiectu
1289 5140 1435 5221 lisrrninis
1456 5160 1517 5203 non
1547 5160 1594 5202 so-

506 5248 563 5315 lam
589 5251 708 5318 obsidio
735 5272 779 5329 se,
806 5252 861 5316 sed
887 5252 981 5314 ctiam
1012 5255 1090 5313 areta
1109 5250 1253 5330 patriam
1276 5246 1367 5311 solvit
1388 5248 1467 5310 ciris
1485 5245 1594 5326 pirella

508 5354 601 5425 tamen
623 5360 749 5424 aientis
765 5358 981 5441 praefermdo.

451 5457 546 5511 turm
558 5473 666 5523 sputu.
679 5473 710 5514 n
1346 5461 1379 5510 10
