3925 6675
799 1118 848 1166 ns
867 1118 1050 1169 anamma
1068 1119 1247 1170 mucuns.
1599 1118 1639 1181 71

406 1274 472 1338 lem
496 1275 636 1341 ludendo
659 1276 778 1342 liberos
802 1300 878 1343 suos
901 1282 938 1343 ut
961 1279 1140 1362 ἐφολκίδας
1163 1302 1269 1345 secum
1292 1281 1481 1359 trahentem,
1506 1286 1537 1345 et
1562 1280 1642 1346 Her-

405 1381 514 1447 culem
537 1383 675 1447 nefanda
698 1383 787 1448 clade
810 1386 992 1451 confectum
1017 1388 1122 1470 ipsum
1147 1386 1324 1470 ἐφολκίδος
1347 1389 1447 1453 instar
1471 1388 1602 1453 ductum
1622 1411 1640 1451 a

405 1488 543 1553 Theseo.
589 1489 679 1556 Haec
703 1491 757 1556 ille
780 1496 812 1555 et
835 1492 955 1558 similia
976 1494 1081 1558 multa
1103 1495 1164 1558 etsi
1183 1495 1262 1559 scite
1281 1499 1314 1559 et
1332 1497 1496 1581 eleganter
1514 1496 1640 1581 excogi-

404 1597 491 1660 tavit
513 1601 547 1660 et
570 1598 746 1680 exornavit,
769 1603 876 1663 tamen
899 1599 962 1665 hoc
986 1600 1114 1684 quidem
1138 1602 1210 1666 loco
1235 1603 1419 1668 dubitamus
1438 1603 1477 1667 de
1496 1603 1640 1684 consilio,

401 1705 486 1787 quia
508 1709 605 1788 poeta
628 1706 718 1769 nulla
740 1711 832 1789 parte
855 1705 1016 1792 legentem
1039 1711 1095 1771 aut
1118 1708 1299 1773 audientem
1324 1710 1455 1775 adiuvat
1487 1715 1523 1773 ut
1552 1708 1640 1774 illam

405 1817 550 1875 mentem
570 1816 655 1876 recte
674 1819 872 1896 assequatur,
894 1813 1051 1898 figuratae
1071 1819 1178 1879 autem
1197 1817 1354 1882 orationis
1372 1817 1525 1884 flosculos
1545 1838 1639 1900 saepe

404 1917 499 1982 nullo
524 1940 598 1982 cum
623 1920 757 1984 oonsilio
781 1921 854 2003 plus
878 1921 977 1984 semel
1000 1922 1182 2008 legentibus
1206 1925 1350 2008 apponit,
1374 1926 1463 1989 velut
1481 1925 1640 2000 διαύλους

403 2027 474 2091 662
502 2030 537 2090 et
561 2026 661 2110 11023
689 2030 830 2091 πίτυλον
853 2027 918 2092 816
942 2032 974 2091 et
1000 2028 1099 2111 1189;
1128 2033 1241 2111 ζεῦγος
1264 2031 1330 2094 454
1354 2035 1386 2094 et
1412 2031 1510 2114 1403,
1539 2031 1635 2114 ὡρμι-

400 2134 552 2215 σμένους
575 2133 641 2198 203
660 2139 693 2197 et
714 2134 813 2217 1094,
838 2136 894 2218 qui
917 2134 1046 2218 quidem
1067 2157 1162 2219 saepe
1181 2136 1277 2200 etiam
1297 2138 1365 2201 siue
1385 2137 1554 2202 tralatione
1573 2138 1639 2203 ulla

399 2242 567 2306 dictiones
597 2240 724 2305 easdem
755 2241 805 2306 bis
833 2242 957 2325 positas
987 2263 1052 2305 non
1079 2242 1212 2328 refugit,
1244 2243 1332 2307 velut
1360 2245 1403 2308 20
1436 2243 1637 2328 ἐξημερῶσαι
1654 2271 1679 2310 ιο

403 2360 507 2433 γαῖαν
531 2354 563 2413 et
587 2348 652 2413 852
676 2349 788 2432 χώραν
810 2347 865 2413 καὶ
889 2349 1065 2414 θάλασσαν
1092 2348 1313 2433 ἐξημερώσας,
1343 2351 1376 2414 in
1405 2351 1522 2434 quibus
1546 2351 1638 2415 Euri-

401 2456 514 2540 pidem
540 2455 707 2520 audientes
731 2455 831 2520 altero
855 2457 927 2520 loco
951 2457 1083 2520 alterins
1105 2477 1263 2520 memores
1288 2478 1357 2521 esse
1381 2457 1521 2523 voluisse
1545 2480 1638 2545 aegre

402 2586 464 2627 nos
488 2562 760 2627 Wilamowitzius
784 2562 915 2627 adducit
937 2567 974 2627 ut
1000 2563 1178 2643 credamne,
1206 2583 1272 2626 non
1299 2564 1401 2650 magis
1431 2587 1526 2650 quam
1556 2566 1639 2630 inter

401 2671 485 2734 hacc
508 2667 542 2746 ἐς
566 2670 653 2752 φάος
675 2670 789 2752 μολών
812 2668 878 2733 524
901 2673 934 2732 et
957 2669 1043 2752 φύος
1065 2668 1179 2751 μολὼν
1202 2674 1306 2753 πατρί
1325 2670 1388 2734 531
1414 2672 1537 2756 aliquid
1564 2693 1638 2737 con-

401 2778 509 2842 sultae
539 2776 767 2841 concinnitatis
791 2775 995 2842 intercedere.
1042 2772 1155 2860 Itaque
1181 2775 1267 2858 quod
1292 2775 1447 2842 Hercules
1471 2778 1549 2843 dicit
1572 2779 1636 2843 938

401 2884 482 2962 ἐξὸν
504 2896 583 2967 μιᾶς
605 2907 662 2967 μοι
686 2885 795 2966 χειρὸς
818 2878 856 2947 ὲῦ
880 2882 1005 2947 θέσθαι
1029 2881 1107 2945 τάδε
1131 2882 1161 2945 h.
1181 2903 1206 2945 e.
1232 2883 1315 2947 ‘cum
1339 2884 1418 2948 mihi
1441 2884 1537 2950 liceat
1560 2885 1639 2950 haec

401 3014 470 3056 una
493 3013 593 3075 opera
616 2991 819 3074 componere'
843 2988 996 3075 (quorum
1020 2984 1057 3053 εὖ
1077 2987 1201 3054 θέσθαι
1221 2989 1332 3055 eodem
1353 3013 1462 3056 versus
1480 2993 1552 3058 loco
1572 2992 1637 3059 605

402 3096 599 3186 legebatur),
622 3097 662 3161 ad
681 3120 718 3161 ea
737 3096 837 3161 alludi
855 3118 951 3160 versu
969 3095 1054 3161 1139
1074 3095 1129 3160 ubi
1145 3094 1278 3160 Herculi
1297 3097 1336 3162 de
1355 3098 1422 3162 suis
1441 3099 1638 3164 facinoribus

403 3206 574 3290 quaerenti
596 3203 792 3288 Amphitryo
809 3203 982 3288 respondet
1000 3213 1076 3284 μιᾶς
1096 3203 1225 3267 ἅπαντα
1244 3206 1353 3288 χειρὸς
1371 3202 1452 3288 ἔργα
1470 3216 1529 3290 σης
1548 3207 1637 3287 τάδε,

403 3312 533 3378 tametsi
557 3310 754 3377 clarissimus
778 3312 934 3394 interpres
959 3309 1185 3394 ἀναισθησίαν
1208 3311 1412 3396 reprehendit
1441 3336 1551 3379 eorum
1580 3315 1637 3399 qui
1651 3340 1680 3378 ιο

404 3422 483 3485 talia
500 3419 583 3484 nihil
602 3420 775 3483 sentientes
794 3422 1007 3503 praetereant,
1026 3418 1120 3483 nobis
1139 3440 1205 3483 non
1224 3418 1261 3483 fit
1280 3419 1461 3502 verisimile,
1484 3421 1636 3504 quoniam

404 3541 481 3609 μιᾶς
504 3528 614 3611 χειρὸς
637 3520 674 3591 εὖ
697 3524 822 3590 θέσθαι
845 3525 935 3607 τάδε,
959 3547 1040 3608 quae
1064 3525 1197 3609 pulchre
1218 3524 1456 3608 interpretatur,
1480 3526 1562 3590 nihil
1586 3550 1636 3593 co-

355 3647 393 3701 λθ
405 3637 525 3720 gitatae
548 3632 770 3697 similitudinis
793 3632 911 3696 habere
934 3631 1085 3697 videntur
1107 3653 1180 3697 cum
1204 3630 1305 3696 altero
1329 3641 1405 3715 μιᾶς
1425 3633 1553 3697 ἅπαντα
1571 3658 1636 3717 χει-

408 3743 463 3825 ρὸς
480 3737 573 3825 ἔργα,
596 3740 683 3823 quod
706 3762 778 3804 cum
796 3763 825 3804 v.
844 3738 911 3803 565
934 3750 991 3823 τῆς
1015 3738 1093 3824 ἐμης
1115 3734 1216 3821 ἔργον
1239 3741 1333 3822 χερός
1357 3738 1496 3803 conferri
1518 3740 1636 3805 rectius

409 3849 516 3931 possit.
567 3845 630 3913 Sed
665 3846 743 3912 illuc
774 3846 923 3910 redimus.
967 3845 1144 3910 Venustam
1175 3846 1261 3909 enim
1295 3844 1534 3928 simplicitatem
1567 3868 1637 3910 sen-

411 3954 506 4018 tiendi
524 3976 622 4039 qnam
640 3953 780 4017 diximus
800 3953 855 4017 sed
874 3974 946 4017 cum
967 3953 1141 4017 acerbitate
1162 3953 1293 4016 mixtam
1315 3953 1520 4035 agnoscimus
1540 3954 1636 4018 etiam

414 4061 445 4124 in
465 4065 604 4126 extrema
626 4058 775 4124 Herculis
799 4060 944 4124 oratione
968 4083 1032 4143 qua
1055 4059 1175 4123 salvere
1204 4059 1293 4122 iubet
1321 4062 1459 4142 patrem,
1487 4058 1636 4124 valedicit

417 4167 484 4230 filiis
505 4172 537 4232 et
559 4168 691 4253 coniugi
715 4189 772 4230 suc
795 4190 891 4231 manu
915 4166 1044 4231 occisis:
1073 4189 1111 4230 ex
1141 4188 1204 4249 qua
1229 4164 1280 4229 rel
1304 4164 1359 4228 illa
1383 4164 1447 4231 huc
1471 4165 1636 4230 referenda

420 4278 484 4337 sunt
505 4273 621 4358 quibus
645 4296 753 4339 curam
777 4273 951 4357 sepeliendi
975 4276 1120 4338 mortuos
1143 4271 1227 4357 patri
1252 4272 1381 4335 mandat
1405 4294 1432 4335 r.
1455 4271 1541 4336 1360

564 4383 623 4458 δὸς
645 4382 764 4446 τούσδε
786 4382 900 4468 τύμβῳ
923 4378 977 4445 καὶ
1001 4384 1210 4463 περίστειλον
1234 4382 1372 4462 νεκροὺς
1650 4408 1676 4447 ιι

564 4488 739 4571 δακρύοισι
761 4499 866 4569 τιμῶν
889 4484 959 4574 (ἐμὲ
984 4489 1047 4570 γὰρ
1071 4487 1133 4551 οὐκ
1156 4484 1194 4572 ἐᾷ
1216 4483 1331 4571 νόμος)

563 4597 646 4679 πρὸς
668 4592 776 4679 στέρν’
803 4592 932 4677 ἐρείσας
954 4594 1052 4678 μητρί
1077 4594 1157 4670 δούς
1180 4589 1206 4657 τ’
1232 4590 1265 4669 ἐς
1288 4591 1446 4676 ἀγκύλας,

562 4705 743 4768 κοινωνίαν
765 4702 943 4784 δύστηνον,
966 4701 1010 4783 ἣν
1032 4698 1096 4783 ἐγὼ
1120 4700 1219 4776 τίλας

562 4806 701 4874 διώλεσ’
723 4810 823 4890 ἄκων,

431 4907 524 4985 quibus
541 4915 809 4981 Wilamowitzius
824 4914 1039 4999 pulcherrima
1059 4912 1238 4978 Goethiana
1252 4913 1290 4977 de
1309 4912 1428 4977 Fausto
1448 4913 1633 4997 adscripsit3

432 5014 458 5070 tl
474 5012 538 5085 haec
559 5023 597 5086 de
620 5025 718 5087 armis
743 5003 824 5106 quae
848 5022 1000 5106 disputat,
1025 5026 1133 5086 utrum
1157 5020 1318 5104 relinquat
1341 5043 1382 5085 au
1406 5042 1513 5085 secum
1538 5020 1635 5109 ducat

433 5132 456 5175 v.
468 5119 535 5191 1316

923 5234 949 5302 ὦ
973 5234 1092 5320 λυγραὶ
1117 5237 1312 5320 φιλημάτων

564 5342 702 5426 τέρψεις,
726 5341 846 5428 λυγραὶ
870 5340 906 5407 δὲ
930 5342 1036 5409 τῶνδ’
1058 5343 1170 5408 ὅπλων
1193 5345 1374 5407 κοινωνίαι.
