<?xml version="1.0" encoding="UTF-8"?>
<!DOCTYPE html PUBLIC "-//W3C//DTD XHTML 1.0 Transitional//EN"
    "http://www.w3.org/TR/xhtml1/DTD/xhtml1-transitional.dtd">
<html xmlns="http://www.w3.org/1999/xhtml" xml:lang="en" lang="en">
 <head>
  <title>
</title>
<meta http-equiv="Content-Type" content="text/html;charset=utf-8" />
  <meta name='ocr-system' content='tesseract 3.04.00' />
  <meta name='ocr-capabilities' content='ocr_page ocr_carea ocr_par ocr_line ocrx_word'/>
</head>
<body>
  <div class='ocr_page' id='page_1' title='image "./iohannisvahleni01vahlgoog/iohannisvahleni01vahlgoog_0396.png"; bbox 0 0 3925 6675; ppageno 0'>
   <div class='ocr_carea' id='block_1_1' title="bbox 421 1152 1481 1224">
    <p class='ocr_par' dir='ltr' id='par_1_1' title="bbox 421 1152 1481 1224">
     <span class='ocr_line' id='line_1_1' title="bbox 421 1152 1481 1224; baseline -0.016 -2"><span class='ocrx_word' id='word_1_1' title='bbox 421 1157 486 1221; x_wconf 80' lang='grc'><strong>388</strong></span> <span class='ocrx_word' id='word_1_2' title='bbox 608 1159 667 1210; x_wconf 84' lang='lat' dir='ltr'><strong>nn.</strong></span> <span class='ocrx_word' id='word_1_3' title='bbox 686 1158 802 1209; x_wconf 77' lang='lat' dir='ltr'><strong>monn</strong></span> <span class='ocrx_word' id='word_1_4' title='bbox 820 1157 1035 1208; x_wconf 81' lang='lat' dir='ltr'><strong>nuonosun</strong></span> <span class='ocrx_word' id='word_1_5' title='bbox 1053 1155 1295 1207; x_wconf 76' lang='lat' dir='ltr'><strong>mannuanon</strong></span> <span class='ocrx_word' id='word_1_6' title='bbox 1314 1152 1481 1224; x_wconf 81' lang='grc' dir='ltr'><strong><em>ιοοομοοι.</em></strong></span> 
     </span>
    </p>
   </div>
   <div class='ocr_carea' id='block_1_2' title="bbox 381 1309 1654 3326">
    <p class='ocr_par' dir='ltr' id='par_1_2' title="bbox 381 1309 1654 3326">
     <span class='ocr_line' id='line_1_2' title="bbox 579 1309 1653 1405; baseline -0.006 -19"><span class='ocrx_word' id='word_1_7' title='bbox 579 1322 648 1404; x_wconf 87' lang='grc' dir='ltr'><strong>φὸν</strong></span> <span class='ocrx_word' id='word_1_8' title='bbox 666 1319 769 1384; x_wconf 80' lang='grc' dir='ltr'><strong><em>αὐτὸν</em></strong></span> <span class='ocrx_word' id='word_1_9' title='bbox 792 1319 881 1405; x_wconf 78' lang='grc' dir='ltr'><strong><em>αὑτῷ</em></strong></span> <span class='ocrx_word' id='word_1_10' title='bbox 898 1318 1040 1402; x_wconf 76' lang='grc' dir='ltr'><strong><em>μάλιστα</em></strong></span> <span class='ocrx_word' id='word_1_11' title='bbox 1058 1319 1110 1383; x_wconf 80' lang='lat' dir='ltr'><strong>det</strong></span> <span class='ocrx_word' id='word_1_12' title='bbox 1129 1319 1238 1400; x_wconf 81' lang='grc' dir='ltr'><strong><em>σοφὸν</em></strong></span> <span class='ocrx_word' id='word_1_13' title='bbox 1257 1309 1351 1382; x_wconf 82' lang='grc' dir='ltr'><strong><em>εἶναι.</em></strong></span> <span class='ocrx_word' id='word_1_14' title='bbox 1378 1315 1500 1380; x_wconf 78' lang='grc' dir='ltr'><strong><em>τούτου</em></strong></span> <span class='ocrx_word' id='word_1_15' title='bbox 1520 1311 1552 1379; x_wconf 86' lang='lat' dir='ltr'><strong>d’</strong></span> <span class='ocrx_word' id='word_1_16' title='bbox 1574 1313 1653 1398; x_wconf 80' lang='grc' dir='ltr'><strong><em>ὄρος</em></strong></span> 
     </span>
     <span class='ocr_line' id='line_1_3' title="bbox 579 1423 1468 1509; baseline -0.006 -18"><span class='ocrx_word' id='word_1_17' title='bbox 579 1425 671 1491; x_wconf 77' lang='grc' dir='ltr'><strong><em>ἐστίν</em></strong></span> <span class='ocrx_word' id='word_1_18' title='bbox 693 1427 768 1509; x_wconf 68' lang='grc' dir='ltr'><strong><em>ἀρα,</em></strong></span> <span class='ocrx_word' id='word_1_19' title='bbox 790 1425 827 1502; x_wconf 81' lang='grc' dir='ltr'><strong>ὃς</strong></span> <span class='ocrx_word' id='word_1_20' title='bbox 849 1423 892 1490; x_wconf 88' lang='grc' dir='ltr'><strong>ἀν</strong></span> <span class='ocrx_word' id='word_1_21' title='bbox 914 1430 1072 1490; x_wconf 76' lang='grc' dir='ltr'><strong><em>πλεῖστον</em></strong></span> <span class='ocrx_word' id='word_1_22' title='bbox 1095 1424 1258 1508; x_wconf 79' lang='grc' dir='ltr'><strong><em>ἀργύριον</em></strong></span> <span class='ocrx_word' id='word_1_23' title='bbox 1282 1423 1468 1507; x_wconf 74' lang='grc' dir='ltr'><strong><em>ἐργάσηται.</em></strong></span> 
     </span>
     <span class='ocr_line' id='line_1_4' title="bbox 419 1529 1654 1620; baseline -0.002 -23"><span class='ocrx_word' id='word_1_24' title='bbox 419 1533 565 1598; x_wconf 89' lang='lat' dir='ltr'><strong>Primum</strong></span> <span class='ocrx_word' id='word_1_25' title='bbox 588 1532 628 1597; x_wconf 92' lang='lat' dir='ltr'><strong>de</strong></span> <span class='ocrx_word' id='word_1_26' title='bbox 650 1532 757 1597; x_wconf 85' lang='lat' dir='ltr'><strong>verbis</strong></span> <span class='ocrx_word' id='word_1_27' title='bbox 776 1529 827 1620; x_wconf 84' lang='lat'><strong>(3)</strong></span> <span class='ocrx_word' id='word_1_28' title='bbox 850 1543 918 1597; x_wconf 79' lang='grc' dir='ltr'><strong>τῶν</strong></span> <span class='ocrx_word' id='word_1_29' title='bbox 940 1533 1003 1616; x_wconf 77' lang='grc' dir='ltr'><strong>γὰρ</strong></span> <span class='ocrx_word' id='word_1_30' title='bbox 1027 1530 1199 1615; x_wconf 77' lang='grc' dir='ltr'><strong><em>προτέρων</em></strong></span> <span class='ocrx_word' id='word_1_31' title='bbox 1220 1531 1327 1614; x_wconf 77' lang='grc' dir='ltr'><strong><em>πολλὴ</em></strong></span> <span class='ocrx_word' id='word_1_32' title='bbox 1346 1529 1474 1613; x_wconf 79' lang='grc' dir='ltr'><strong><em>ἀμαθία</em></strong></span> <span class='ocrx_word' id='word_1_33' title='bbox 1493 1530 1575 1594; x_wconf 79' lang='grc' dir='ltr'><strong><em>κατὰ</em></strong></span> <span class='ocrx_word' id='word_1_34' title='bbox 1594 1529 1654 1594; x_wconf 83' lang='grc' dir='ltr'><strong>τὸν</strong></span> 
     </span>
     <span class='ocr_line' id='line_1_5' title="bbox 420 1635 1653 1724; baseline -0.005 -19"><span class='ocrx_word' id='word_1_35' title='bbox 420 1640 482 1705; x_wconf 85' lang='grc' dir='ltr'><strong>σὸν</strong></span> <span class='ocrx_word' id='word_1_36' title='bbox 505 1642 622 1723; x_wconf 81' lang='grc' dir='ltr'><strong><em>λόγον,</em></strong></span> <span class='ocrx_word' id='word_1_37' title='bbox 650 1662 732 1724; x_wconf 87' lang='lat' dir='ltr'><strong>qnae</strong></span> <span class='ocrx_word' id='word_1_38' title='bbox 760 1641 807 1704; x_wconf 88' lang='lat' dir='ltr'><strong>sio</strong></span> <span class='ocrx_word' id='word_1_39' title='bbox 829 1639 878 1704; x_wconf 92' lang='lat' dir='ltr'><strong>uti</strong></span> <span class='ocrx_word' id='word_1_40' title='bbox 901 1639 1208 1724; x_wconf 76' lang='lat' dir='ltr'><strong>suprascripsimus</strong></span> <span class='ocrx_word' id='word_1_41' title='bbox 1232 1661 1251 1703; x_wconf 88' lang='lat' dir='ltr'><strong>a</strong></span> <span class='ocrx_word' id='word_1_42' title='bbox 1273 1635 1431 1703; x_wconf 85' lang='lat' dir='ltr'><strong>Sohanzio</strong></span> <span class='ocrx_word' id='word_1_43' title='bbox 1456 1636 1542 1701; x_wconf 89' lang='lat' dir='ltr'><strong>edita</strong></span> <span class='ocrx_word' id='word_1_44' title='bbox 1564 1639 1653 1718; x_wconf 86' lang='lat' dir='ltr'><strong>sunt;</strong></span> 
     </span>
     <span class='ocr_line' id='line_1_6' title="bbox 419 1745 1653 1829; baseline -0.003 -18"><span class='ocrx_word' id='word_1_45' title='bbox 419 1768 494 1811; x_wconf 91' lang='lat' dir='ltr'><strong>nam</strong></span> <span class='ocrx_word' id='word_1_46' title='bbox 522 1746 599 1810; x_wconf 85' lang='lat' dir='ltr'>libri</span> <span class='ocrx_word' id='word_1_47' title='bbox 621 1746 735 1829; x_wconf 84' lang='lat' dir='ltr'><strong>scripti</strong></span> <span class='ocrx_word' id='word_1_48' title='bbox 757 1745 837 1810; x_wconf 83' lang='lat' dir='ltr'><strong>liaeo</strong></span> <span class='ocrx_word' id='word_1_49' title='bbox 860 1745 923 1810; x_wconf 90' lang='lat' dir='ltr'><strong>hoo</strong></span> <span class='ocrx_word' id='word_1_50' title='bbox 945 1745 1043 1810; x_wconf 92' lang='lat' dir='ltr'><strong>modo</strong></span> <span class='ocrx_word' id='word_1_51' title='bbox 1066 1749 1196 1810; x_wconf 87' lang='lat' dir='ltr'><strong>exarata</strong></span> <span class='ocrx_word' id='word_1_52' title='bbox 1219 1745 1373 1810; x_wconf 74' lang='lat' dir='ltr'>exhibent</span> <span class='ocrx_word' id='word_1_53' title='bbox 1395 1754 1462 1808; x_wconf 83' lang='grc' dir='ltr'><strong>τῶν</strong></span> <span class='ocrx_word' id='word_1_54' title='bbox 1486 1745 1549 1826; x_wconf 84' lang='grc' dir='ltr'><strong>γὰρ</strong></span> <span class='ocrx_word' id='word_1_55' title='bbox 1573 1766 1653 1826; x_wconf 82' lang='grc' dir='ltr'><strong><em>προ-</em></strong></span> 
     </span>
     <span class='ocr_line' id='line_1_7' title="bbox 419 1850 1654 1937; baseline -0.003 -19"><span class='ocrx_word' id='word_1_56' title='bbox 419 1852 526 1935; x_wconf 82' lang='grc' dir='ltr'><strong><em>τέρων</em></strong></span> <span class='ocrx_word' id='word_1_57' title='bbox 553 1851 642 1937; x_wconf 77' lang='grc' dir='ltr'><strong><em>περὶ</em></strong></span> <span class='ocrx_word' id='word_1_58' title='bbox 660 1850 922 1936; x_wconf 80' lang='grc' dir='ltr'><strong><em>Ἀναξαγόρου</em></strong></span> <span class='ocrx_word' id='word_1_59' title='bbox 945 1851 1100 1935; x_wconf 77' lang='grc' dir='ltr'><strong><em>λέγεται</em></strong></span> <span class='ocrx_word' id='word_1_60' title='bbox 1123 1854 1229 1935; x_wconf 79' lang='grc' dir='ltr'><strong><em>πολλὴ</em></strong></span> <span class='ocrx_word' id='word_1_61' title='bbox 1252 1851 1381 1933; x_wconf 86' lang='grc' dir='ltr'><strong><em>ἀμαθία</em></strong></span> <span class='ocrx_word' id='word_1_62' title='bbox 1403 1852 1486 1915; x_wconf 81' lang='grc' dir='ltr'><strong><em>κατὰ</em></strong></span> <span class='ocrx_word' id='word_1_63' title='bbox 1509 1851 1569 1914; x_wconf 82' lang='grc' dir='ltr'><strong>τὸν</strong></span> <span class='ocrx_word' id='word_1_64' title='bbox 1591 1851 1654 1915; x_wconf 80' lang='grc' dir='ltr'><strong>σὀν</strong></span> 
     </span>
     <span class='ocr_line' id='line_1_8' title="bbox 421 1955 1654 2044; baseline -0.002 -21"><span class='ocrx_word' id='word_1_65' title='bbox 421 1963 532 2042; x_wconf 83' lang='grc' dir='ltr'><strong><em>λόγον.</em></strong></span> <span class='ocrx_word' id='word_1_66' title='bbox 567 1959 620 2024; x_wconf 78' lang='lat' dir='ltr'><strong>Ex</strong></span> <span class='ocrx_word' id='word_1_67' title='bbox 643 1959 761 2044; x_wconf 86' lang='lat' dir='ltr'><strong>quibua</strong></span> <span class='ocrx_word' id='word_1_68' title='bbox 785 1959 882 2024; x_wconf 86' lang='lat' dir='ltr'><strong>verba</strong></span> <span class='ocrx_word' id='word_1_69' title='bbox 900 1958 976 2044; x_wconf 76' lang='grc' dir='ltr'><strong><em>περὶ</em></strong></span> <span class='ocrx_word' id='word_1_70' title='bbox 994 1958 1213 2041; x_wconf 81' lang='grc' dir='ltr'><strong><em>Ἀναξαγόρου</em></strong></span> <span class='ocrx_word' id='word_1_71' title='bbox 1231 1960 1355 2044; x_wconf 86' lang='lat' dir='ltr'><strong>primus</strong></span> <span class='ocrx_word' id='word_1_72' title='bbox 1374 1955 1552 2022; x_wconf 86' lang='lat' dir='ltr'><strong>Immanuel</strong></span> <span class='ocrx_word' id='word_1_73' title='bbox 1570 1955 1654 2022; x_wconf 85' lang='lat' dir='ltr'><strong>Belr·</strong></span> 
     </span>
     <span class='ocr_line' id='line_1_9' title="bbox 420 2063 1653 2151; baseline -0.002 -21"><span class='ocrx_word' id='word_1_74' title='bbox 420 2065 517 2130; x_wconf 78' lang='lat' dir='ltr'><strong>laetus</strong></span> <span class='ocrx_word' id='word_1_75' title='bbox 540 2066 722 2151; x_wconf 84' lang='lat' dir='ltr'><strong>repudiavit</strong></span> <span class='ocrx_word' id='word_1_76' title='bbox 744 2070 781 2131; x_wconf 88' lang='lat' dir='ltr'><strong>ut</strong></span> <span class='ocrx_word' id='word_1_77' title='bbox 802 2089 844 2132; x_wconf 91' lang='lat' dir='ltr'><strong>ne</strong></span> <span class='ocrx_word' id='word_1_78' title='bbox 867 2067 1050 2150; x_wconf 79' lang='lat' dir='ltr'><strong>recipienda</strong></span> <span class='ocrx_word' id='word_1_79' title='bbox 1073 2066 1201 2150; x_wconf 88' lang='lat' dir='ltr'><strong>quidem</strong></span> <span class='ocrx_word' id='word_1_80' title='bbox 1226 2066 1364 2131; x_wconf 84' lang='lat' dir='ltr'><strong>dueeret.</strong></span> <span class='ocrx_word' id='word_1_81' title='bbox 1401 2063 1461 2128; x_wconf 82' lang='lat' dir='ltr'><strong>Cui</strong></span> <span class='ocrx_word' id='word_1_82' title='bbox 1485 2064 1583 2128; x_wconf 83' lang='lat' dir='ltr'><strong>aeteri</strong></span> <span class='ocrx_word' id='word_1_83' title='bbox 1605 2087 1653 2128; x_wconf 86' lang='lat' dir='ltr'><strong>aa·</strong></span> 
     </span>
     <span class='ocr_line' id='line_1_10' title="bbox 421 2171 1654 2238; baseline -0.002 -1"><span class='ocrx_word' id='word_1_84' title='bbox 421 2173 506 2238; x_wconf 85' lang='lat' dir='ltr'><strong>sensi</strong></span> <span class='ocrx_word' id='word_1_85' title='bbox 530 2177 607 2237; x_wconf 88' lang='lat' dir='ltr'><strong>sunt</strong></span> <span class='ocrx_word' id='word_1_86' title='bbox 628 2173 675 2237; x_wconf 92' lang='lat' dir='ltr'><strong>ita</strong></span> <span class='ocrx_word' id='word_1_87' title='bbox 697 2178 735 2238; x_wconf 92' lang='lat' dir='ltr'><strong>ut</strong></span> <span class='ocrx_word' id='word_1_88' title='bbox 758 2171 971 2238; x_wconf 87' lang='lat' dir='ltr'><strong>Stallbaumio</strong></span> <span class='ocrx_word' id='word_1_89' title='bbox 995 2177 1125 2238; x_wconf 90' lang='lat' dir='ltr'><strong>auotore</strong></span> <span class='ocrx_word' id='word_1_90' title='bbox 1148 2175 1182 2238; x_wconf 92' lang='lat' dir='ltr'><strong>in</strong></span> <span class='ocrx_word' id='word_1_91' title='bbox 1206 2172 1348 2237; x_wconf 81' lang='lat' dir='ltr'><strong>eiusdem</strong></span> <span class='ocrx_word' id='word_1_92' title='bbox 1370 2171 1586 2236; x_wconf 75' lang='lat' dir='ltr'><strong>damnationis</strong></span> <span class='ocrx_word' id='word_1_93' title='bbox 1605 2192 1654 2234; x_wconf 91' lang='lat' dir='ltr'><strong>so-</strong></span> 
     </span>
     <span class='ocr_line' id='line_1_11' title="bbox 381 2277 1654 2366; baseline -0.002 -21"><span class='ocrx_word' id='word_1_94' title='bbox 381 2305 408 2345; x_wconf 87' lang='grc' dir='ltr'><strong>ιο</strong></span> <span class='ocrx_word' id='word_1_95' title='bbox 422 2280 570 2344; x_wconf 88' lang='lat' dir='ltr'><strong>oietatem</strong></span> <span class='ocrx_word' id='word_1_96' title='bbox 589 2278 718 2362; x_wconf 79' lang='grc' dir='ltr'><strong><em>λέγεται</em></strong></span> <span class='ocrx_word' id='word_1_97' title='bbox 737 2279 870 2346; x_wconf 84' lang='lat' dir='ltr'><strong>verbum</strong></span> <span class='ocrx_word' id='word_1_98' title='bbox 889 2279 1109 2366; x_wconf 76' lang='lat' dir='ltr'><strong>adiungerent.</strong></span> <span class='ocrx_word' id='word_1_99' title='bbox 1138 2277 1385 2345; x_wconf 88' lang='lat' dir='ltr'><strong>Stallbaumium</strong></span> <span class='ocrx_word' id='word_1_100' title='bbox 1406 2277 1496 2343; x_wconf 85' lang='lat' dir='ltr'><strong>valde</strong></span> <span class='ocrx_word' id='word_1_101' title='bbox 1510 2277 1654 2343; x_wconf 85' lang='lat' dir='ltr'><strong>laudarit</strong></span> 
     </span>
     <span class='ocr_line' id='line_1_12' title="bbox 422 2383 1654 2471; baseline -0.001 -21"><span class='ocrx_word' id='word_1_102' title='bbox 422 2384 564 2450; x_wconf 84' lang='lat' dir='ltr'><strong>Cobetos</strong></span> <span class='ocrx_word' id='word_1_103' title='bbox 582 2384 613 2449; x_wconf 90' lang='lat' dir='ltr'>N</span> <span class='ocrx_word' id='word_1_104' title='bbox 616 2408 666 2451; x_wconf 84' lang='lat' dir='ltr'><strong>ov.</strong></span> <span class='ocrx_word' id='word_1_105' title='bbox 684 2386 771 2451; x_wconf 88' lang='lat' dir='ltr'><strong>Leot.</strong></span> <span class='ocrx_word' id='word_1_106' title='bbox 789 2409 820 2471; x_wconf 90' lang='lat' dir='ltr'><strong>p.</strong></span> <span class='ocrx_word' id='word_1_107' title='bbox 835 2387 901 2452; x_wconf 79' lang='lat'><strong>646</strong></span> <span class='ocrx_word' id='word_1_108' title='bbox 920 2386 960 2452; x_wconf 88' lang='lat' dir='ltr'><strong>ad</strong></span> <span class='ocrx_word' id='word_1_109' title='bbox 978 2385 1184 2471; x_wconf 86' lang='lat' dir='ltr'><strong>eiusdemque</strong></span> <span class='ocrx_word' id='word_1_110' title='bbox 1204 2389 1343 2452; x_wconf 86' lang='lat' dir='ltr'><strong>mentem</strong></span> <span class='ocrx_word' id='word_1_111' title='bbox 1358 2385 1534 2451; x_wconf 82' lang='lat' dir='ltr'><strong>Sahauzius</strong></span> <span class='ocrx_word' id='word_1_112' title='bbox 1553 2383 1654 2449; x_wconf 89' lang='lat' dir='ltr'><strong>edidit</strong></span> 
     </span>
     <span class='ocr_line' id='line_1_13' title="bbox 420 2489 1653 2579; baseline -0.001 -23"><span class='ocrx_word' id='word_1_113' title='bbox 420 2514 558 2577; x_wconf 89' lang='lat' dir='ltr'><strong>eaquae</strong></span> <span class='ocrx_word' id='word_1_114' title='bbox 577 2493 799 2578; x_wconf 90' lang='lat' dir='ltr'><strong>supraposita</strong></span> <span class='ocrx_word' id='word_1_115' title='bbox 817 2497 901 2558; x_wconf 83' lang='lat' dir='ltr'><strong>sunt</strong></span> <span class='ocrx_word' id='word_1_116' title='bbox 937 2493 1026 2578; x_wconf 80' lang='lat' dir='ltr'><strong>Ergo</strong></span> <span class='ocrx_word' id='word_1_117' title='bbox 1045 2492 1124 2558; x_wconf 87' lang='lat' dir='ltr'><strong>haee</strong></span> <span class='ocrx_word' id='word_1_118' title='bbox 1143 2497 1192 2558; x_wconf 91' lang='lat' dir='ltr'><strong>est</strong></span> <span class='ocrx_word' id='word_1_119' title='bbox 1210 2494 1336 2579; x_wconf 90' lang='lat' dir='ltr'><strong>integra</strong></span> <span class='ocrx_word' id='word_1_120' title='bbox 1354 2492 1555 2572; x_wconf 78' lang='lat' dir='ltr'><strong>sententiola,</strong></span> <span class='ocrx_word' id='word_1_121' title='bbox 1577 2489 1653 2574; x_wconf 73' lang='grc' dir='ltr'><strong>περὶ</strong></span> 
     </span>
     <span class='ocr_line' id='line_1_14' title="bbox 421 2597 1654 2685; baseline -0.002 -21"><span class='ocrx_word' id='word_1_122' title='bbox 421 2597 641 2684; x_wconf 75' lang='grc' dir='ltr'><strong><em>Ἀναξαγόρου</em></strong></span> <span class='ocrx_word' id='word_1_123' title='bbox 666 2599 811 2684; x_wconf 77' lang='grc' dir='ltr'><strong><em>λέγεται,</em></strong></span> <span class='ocrx_word' id='word_1_124' title='bbox 839 2621 920 2683; x_wconf 90' lang='lat' dir='ltr'><strong>quae</strong></span> <span class='ocrx_word' id='word_1_125' title='bbox 944 2600 978 2663; x_wconf 91' lang='lat' dir='ltr'><strong>in</strong></span> <span class='ocrx_word' id='word_1_126' title='bbox 1001 2601 1178 2685; x_wconf 78' lang='lat' dir='ltr'><strong>marginem</strong></span> <span class='ocrx_word' id='word_1_127' title='bbox 1201 2599 1367 2666; x_wconf 86' lang='lat' dir='ltr'><strong>reiioiatnr</strong></span> <span class='ocrx_word' id='word_1_128' title='bbox 1390 2603 1518 2684; x_wconf 85' lang='lat' dir='ltr'><strong>oportet</strong></span> <span class='ocrx_word' id='word_1_129' title='bbox 1540 2603 1654 2682; x_wconf 87' lang='lat' dir='ltr'><strong>utpote</strong></span> 
     </span>
     <span class='ocr_line' id='line_1_15' title="bbox 421 2705 1328 2793; baseline 0 -23"><span class='ocrx_word' id='word_1_130' title='bbox 421 2705 588 2772; x_wconf 71' lang='lat' dir='ltr'><strong>adnotatio</strong></span> <span class='ocrx_word' id='word_1_131' title='bbox 612 2712 836 2793; x_wconf 78' lang='lat' dir='ltr'><strong>argumentum</strong></span> <span class='ocrx_word' id='word_1_132' title='bbox 860 2706 1018 2772; x_wconf 90' lang='lat' dir='ltr'><strong>sermonis</strong></span> <span class='ocrx_word' id='word_1_133' title='bbox 1041 2707 1131 2772; x_wconf 87' lang='lat' dir='ltr'><strong>brevi</strong></span> <span class='ocrx_word' id='word_1_134' title='bbox 1153 2706 1328 2792; x_wconf 85' lang='lat' dir='ltr'><strong>complexa.</strong></span> 
     </span>
     <span class='ocr_line' id='line_1_16' title="bbox 466 2807 1654 2899; baseline 0 -21"><span class='ocrx_word' id='word_1_135' title='bbox 466 2825 534 2879; x_wconf 85' lang='grc' dir='ltr'><strong>τῶν</strong></span> <span class='ocrx_word' id='word_1_136' title='bbox 557 2814 620 2898; x_wconf 81' lang='grc' dir='ltr'><strong>γὰρ</strong></span> <span class='ocrx_word' id='word_1_137' title='bbox 643 2812 816 2899; x_wconf 81' lang='grc' dir='ltr'><strong><em>προτέρων</em></strong></span> <span class='ocrx_word' id='word_1_138' title='bbox 836 2815 943 2897; x_wconf 76' lang='grc' dir='ltr'><strong><em>πολλὴ</em></strong></span> <span class='ocrx_word' id='word_1_139' title='bbox 966 2813 1096 2897; x_wconf 82' lang='grc' dir='ltr'><strong><em>ἀμαθία</em></strong></span> <span class='ocrx_word' id='word_1_140' title='bbox 1119 2815 1200 2878; x_wconf 81' lang='grc' dir='ltr'><strong><em>κατὰ</em></strong></span> <span class='ocrx_word' id='word_1_141' title='bbox 1223 2815 1283 2878; x_wconf 85' lang='grc' dir='ltr'><strong>τὸν</strong></span> <span class='ocrx_word' id='word_1_142' title='bbox 1305 2814 1367 2878; x_wconf 84' lang='grc' dir='ltr'><strong>σὸν</strong></span> <span class='ocrx_word' id='word_1_143' title='bbox 1438 2807 1654 2878; x_wconf 54' lang='lat' dir='ltr'><strong>uastauerant</strong></span> 
     </span>
     <span class='ocr_line' id='line_1_17' title="bbox 467 2879 1613 3006; baseline -0.002 -21"><span class='ocrx_word' id='word_1_144' title='bbox 467 2922 581 3002; x_wconf 80' lang='grc' dir='ltr'><strong><em>λόγον·</em></strong></span> <span class='ocrx_word' id='word_1_145' title='bbox 608 2920 809 2986; x_wconf 81' lang='grc' dir='ltr'><strong><em>τούναντίον</em></strong></span> <span class='ocrx_word' id='word_1_146' title='bbox 835 2923 899 3004; x_wconf 85' lang='grc' dir='ltr'><strong>γὰρ</strong></span> <span class='ocrx_word' id='word_1_147' title='bbox 925 2919 1126 3006; x_wconf 78' lang='grc' dir='ltr'><strong><em>Ἀναξαγόρᾳ</em></strong></span> <span class='ocrx_word' id='word_1_148' title='bbox 1153 2918 1258 3004; x_wconf 78' lang='grc' dir='ltr'><strong><em>φασὶν</em></strong></span> <span class='ocrx_word' id='word_1_149' title='bbox 1285 2939 1366 3004; x_wconf 87' lang='grc' dir='ltr'><strong><em>συμ-</em></strong></span> <span class='ocrx_word' id='word_1_150' title='bbox 1439 2901 1490 2948; x_wconf 58' lang='grc' dir='ltr'><em>Μ</em></span> <span class='ocrx_word' id='word_1_151' title='bbox 1504 2879 1613 2950; x_wconf 50' lang='grc' dir='ltr'><strong>λέγεται</strong></span> 
     </span>
     <span class='ocr_line' id='line_1_18' title="bbox 465 3026 720 3112; baseline -0.004 -20"><span class='ocrx_word' id='word_1_152' title='bbox 465 3031 565 3112; x_wconf 75' lang='grc' dir='ltr'><strong><em>βῆναι</em></strong></span> <span class='ocrx_word' id='word_1_153' title='bbox 589 3026 609 3110; x_wconf 81' lang='grc' dir='ltr'><strong><em>ἣ</em></strong></span> <span class='ocrx_word' id='word_1_154' title='bbox 631 3027 720 3111; x_wconf 81' lang='grc' dir='ltr'><strong><em>ὑμῖν.</em></strong></span> 
     </span>
     <span class='ocr_line' id='line_1_19' title="bbox 420 3132 1654 3220; baseline -0.002 -21"><span class='ocrx_word' id='word_1_155' title='bbox 420 3133 649 3218; x_wconf 83' lang='lat' dir='ltr'><strong>Habemusque</strong></span> <span class='ocrx_word' id='word_1_156' title='bbox 676 3132 840 3217; x_wconf 86' lang='lat' dir='ltr'><strong>exemplar</strong></span> <span class='ocrx_word' id='word_1_157' title='bbox 867 3133 1076 3200; x_wconf 86' lang='lat' dir='ltr'><strong>additamenti</strong></span> <span class='ocrx_word' id='word_1_158' title='bbox 1105 3157 1144 3200; x_wconf 87' lang='lat' dir='ltr'><strong>ex</strong></span> <span class='ocrx_word' id='word_1_159' title='bbox 1173 3137 1317 3220; x_wconf 82' lang='lat' dir='ltr'><strong>margine</strong></span> <span class='ocrx_word' id='word_1_160' title='bbox 1346 3135 1378 3198; x_wconf 91' lang='lat' dir='ltr'><strong>in</strong></span> <span class='ocrx_word' id='word_1_161' title='bbox 1405 3137 1529 3198; x_wconf 85' lang='lat' dir='ltr'><strong>textum</strong></span> <span class='ocrx_word' id='word_1_162' title='bbox 1553 3137 1654 3198; x_wconf 87' lang='lat' dir='ltr'><strong>trans-</strong></span> 
     </span>
     <span class='ocr_line' id='line_1_20' title="bbox 420 3237 1653 3326; baseline -0.003 -20"><span class='ocrx_word' id='word_1_163' title='bbox 420 3242 492 3324; x_wconf 86' lang='lat' dir='ltr'><strong>lati,</strong></span> <span class='ocrx_word' id='word_1_164' title='bbox 520 3241 611 3305; x_wconf 83' lang='lat' dir='ltr'><strong>ouius</strong></span> <span class='ocrx_word' id='word_1_165' title='bbox 638 3240 757 3304; x_wconf 87' lang='lat' dir='ltr'><strong>similia</strong></span> <span class='ocrx_word' id='word_1_166' title='bbox 783 3240 845 3304; x_wconf 82' lang='lat' dir='ltr'><strong>riri</strong></span> <span class='ocrx_word' id='word_1_167' title='bbox 873 3239 959 3306; x_wconf 89' lang='lat' dir='ltr'><strong>dooti</strong></span> <span class='ocrx_word' id='word_1_168' title='bbox 987 3263 1082 3325; x_wconf 84' lang='lat' dir='ltr'><strong>saepe</strong></span> <span class='ocrx_word' id='word_1_169' title='bbox 1105 3245 1301 3326; x_wconf 84' lang='lat' dir='ltr'><strong>statuerunt,</strong></span> <span class='ocrx_word' id='word_1_170' title='bbox 1328 3262 1388 3306; x_wconf 86' lang='lat' dir='ltr'><strong>nos</strong></span> <span class='ocrx_word' id='word_1_171' title='bbox 1411 3262 1505 3324; x_wconf 90' lang='lat' dir='ltr'><strong>saepe</strong></span> <span class='ocrx_word' id='word_1_172' title='bbox 1529 3237 1653 3304; x_wconf 89' lang='lat' dir='ltr'><strong>dubita·</strong></span> 
     </span>
    </p>
   </div>
   <div class='ocr_carea' id='block_1_3' title="bbox 381 3346 1656 3539">
    <p class='ocr_par' dir='ltr' id='par_1_3' title="bbox 381 3346 1656 3539">
     <span class='ocr_line' id='line_1_21' title="bbox 381 3346 1655 3434; baseline 0 -22"><span class='ocrx_word' id='word_1_173' title='bbox 381 3372 408 3412; x_wconf 81' lang='lat' dir='ltr'><strong>aa</strong></span> <span class='ocrx_word' id='word_1_174' title='bbox 422 3350 526 3413; x_wconf 82' lang='lat' dir='ltr'><strong>vimus</strong></span> <span class='ocrx_word' id='word_1_175' title='bbox 549 3371 644 3433; x_wconf 90' lang='lat' dir='ltr'><strong>quam</strong></span> <span class='ocrx_word' id='word_1_176' title='bbox 668 3352 762 3413; x_wconf 88' lang='lat' dir='ltr'><strong>reete.</strong></span> <span class='ocrx_word' id='word_1_177' title='bbox 799 3346 888 3412; x_wconf 88' lang='lat' dir='ltr'><strong>Haeo</strong></span> <span class='ocrx_word' id='word_1_178' title='bbox 910 3348 988 3413; x_wconf 91' lang='lat' dir='ltr'><strong>dum</strong></span> <span class='ocrx_word' id='word_1_179' title='bbox 1012 3352 1197 3434; x_wconf 86' lang='lat' dir='ltr'><strong>reputamus</strong></span> <span class='ocrx_word' id='word_1_180' title='bbox 1222 3353 1254 3413; x_wconf 91' lang='lat' dir='ltr'><strong>et</strong></span> <span class='ocrx_word' id='word_1_181' title='bbox 1277 3348 1311 3413; x_wconf 92' lang='lat' dir='ltr'><strong>in</strong></span> <span class='ocrx_word' id='word_1_182' title='bbox 1334 3370 1403 3415; x_wconf 87' lang='lat' dir='ltr'><strong>eam</strong></span> <span class='ocrx_word' id='word_1_183' title='bbox 1422 3370 1482 3414; x_wconf 92' lang='lat' dir='ltr'><strong>nos</strong></span> <span class='ocrx_word' id='word_1_184' title='bbox 1501 3346 1655 3413; x_wconf 87' lang='lat' dir='ltr'><strong>delibera-</strong></span> 
     </span>
     <span class='ocr_line' id='line_1_22' title="bbox 422 3454 1656 3539; baseline -0.001 -20"><span class='ocrx_word' id='word_1_185' title='bbox 422 3454 544 3519; x_wconf 89' lang='lat' dir='ltr'><strong>tionem</strong></span> <span class='ocrx_word' id='word_1_186' title='bbox 572 3455 773 3519; x_wconf 89' lang='lat' dir='ltr'><strong>demittimus</strong></span> <span class='ocrx_word' id='word_1_187' title='bbox 801 3476 882 3539; x_wconf 89' lang='lat' dir='ltr'><strong>quae</strong></span> <span class='ocrx_word' id='word_1_188' title='bbox 909 3457 1107 3523; x_wconf 87' lang='lat' dir='ltr'><strong>oonseotaria</strong></span> <span class='ocrx_word' id='word_1_189' title='bbox 1134 3456 1203 3521; x_wconf 90' lang='lat' dir='ltr'><strong>fieri</strong></span> <span class='ocrx_word' id='word_1_190' title='bbox 1231 3478 1359 3521; x_wconf 85' lang='lat' dir='ltr'><strong>neeesse</strong></span> <span class='ocrx_word' id='word_1_191' title='bbox 1387 3456 1442 3537; x_wconf 89' lang='lat' dir='ltr'><strong>sit,</strong></span> <span class='ocrx_word' id='word_1_192' title='bbox 1471 3454 1498 3519; x_wconf 89' lang='lat' dir='ltr'><strong>si</strong></span> <span class='ocrx_word' id='word_1_193' title='bbox 1524 3454 1586 3520; x_wconf 89' lang='lat' dir='ltr'><strong>hoo</strong></span> <span class='ocrx_word' id='word_1_194' title='bbox 1609 3454 1656 3519; x_wconf 91' lang='lat' dir='ltr'><strong>ita</strong></span> 
     </span>
    </p>
   </div>
   <div class='ocr_carea' id='block_1_4' title="bbox 382 3558 1709 5462">
    <p class='ocr_par' dir='ltr' id='par_1_4' title="bbox 382 3558 1709 5462">
     <span class='ocr_line' id='line_1_23' title="bbox 423 3558 1656 3645; baseline -0.001 -19"><span class='ocrx_word' id='word_1_195' title='bbox 423 3562 544 3626; x_wconf 79' lang='lat' dir='ltr'><strong>fastum</strong></span> <span class='ocrx_word' id='word_1_196' title='bbox 564 3582 633 3625; x_wconf 87' lang='lat' dir='ltr'><strong>esse</strong></span> <span class='ocrx_word' id='word_1_197' title='bbox 651 3584 711 3645; x_wconf 88' lang='lat' dir='ltr'><strong>pro</strong></span> <span class='ocrx_word' id='word_1_198' title='bbox 730 3565 817 3627; x_wconf 85' lang='lat' dir='ltr'><strong>oerto</strong></span> <span class='ocrx_word' id='word_1_199' title='bbox 831 3560 997 3645; x_wconf 87' lang='lat' dir='ltr'><strong>habeatur,</strong></span> <span class='ocrx_word' id='word_1_200' title='bbox 1016 3563 1145 3628; x_wconf 87' lang='lat' dir='ltr'><strong>interim</strong></span> <span class='ocrx_word' id='word_1_201' title='bbox 1159 3584 1218 3627; x_wconf 88' lang='lat' dir='ltr'><strong>nos</strong></span> <span class='ocrx_word' id='word_1_202' title='bbox 1231 3562 1370 3627; x_wconf 79' lang='lat' dir='ltr'><strong>advertit</strong></span> <span class='ocrx_word' id='word_1_203' title='bbox 1384 3560 1587 3627; x_wconf 87' lang='lat' dir='ltr'><strong>Stallbaumii</strong></span> <span class='ocrx_word' id='word_1_204' title='bbox 1602 3558 1656 3625; x_wconf 86' lang='lat' dir='ltr'><strong>ad·</strong></span> 
     </span>
     <span class='ocr_line' id='line_1_24' title="bbox 423 3666 1655 3754; baseline -0.002 -21"><span class='ocrx_word' id='word_1_205' title='bbox 423 3670 558 3750; x_wconf 90' lang='lat' dir='ltr'><strong>notatio,</strong></span> <span class='ocrx_word' id='word_1_206' title='bbox 576 3690 640 3752; x_wconf 90' lang='lat' dir='ltr'><strong>qua</strong></span> <span class='ocrx_word' id='word_1_207' title='bbox 658 3667 786 3750; x_wconf 79' lang='grc' dir='ltr'><strong><em>λέγεται</em></strong></span> <span class='ocrx_word' id='word_1_208' title='bbox 804 3690 870 3733; x_wconf 90' lang='lat' dir='ltr'><strong>nou</strong></span> <span class='ocrx_word' id='word_1_209' title='bbox 888 3668 992 3754; x_wconf 90' lang='lat' dir='ltr'><strong>magis</strong></span> <span class='ocrx_word' id='word_1_210' title='bbox 1007 3691 1103 3753; x_wconf 88' lang='lat' dir='ltr'><strong>qoam</strong></span> <span class='ocrx_word' id='word_1_211' title='bbox 1122 3666 1197 3753; x_wconf 76' lang='grc' dir='ltr'><strong><em>περὶ</em></strong></span> <span class='ocrx_word' id='word_1_212' title='bbox 1216 3666 1434 3753; x_wconf 84' lang='grc' dir='ltr'><strong><em>Ἀναξαγόρου</em></strong></span> <span class='ocrx_word' id='word_1_213' title='bbox 1452 3667 1655 3733; x_wconf 81' lang='lat' dir='ltr'><strong>tolerandum</strong></span> 
     </span>
     <span class='ocr_line' id='line_1_25' title="bbox 424 3773 1656 3863; baseline 0.001 -24"><span class='ocrx_word' id='word_1_214' title='bbox 424 3795 494 3839; x_wconf 87' lang='lat' dir='ltr'><strong>esse</strong></span> <span class='ocrx_word' id='word_1_215' title='bbox 511 3780 545 3839; x_wconf 91' lang='lat' dir='ltr'><strong>et</strong></span> <span class='ocrx_word' id='word_1_216' title='bbox 557 3773 638 3840; x_wconf 89' lang='lat' dir='ltr'><strong>haeo</strong></span> <span class='ocrx_word' id='word_1_217' title='bbox 650 3775 714 3839; x_wconf 89' lang='lat' dir='ltr'><strong>tria</strong></span> <span class='ocrx_word' id='word_1_218' title='bbox 727 3777 898 3841; x_wconf 86' lang='lat' dir='ltr'><strong>ooniunota</strong></span> <span class='ocrx_word' id='word_1_219' title='bbox 913 3775 1116 3863; x_wconf 88' lang='lat' dir='ltr'><strong>glossematis</strong></span> <span class='ocrx_word' id='word_1_220' title='bbox 1131 3777 1270 3862; x_wconf 84' lang='lat' dir='ltr'><strong>speeiem</strong></span> <span class='ocrx_word' id='word_1_221' title='bbox 1284 3774 1505 3860; x_wconf 85' lang='lat' dir='ltr'><strong>praeseferre</strong></span> <span class='ocrx_word' id='word_1_222' title='bbox 1519 3774 1656 3859; x_wconf 89' lang='lat' dir='ltr'><strong>probare</strong></span> 
     </span>
     <span class='ocr_line' id='line_1_26' title="bbox 424 3880 1655 3967; baseline 0.002 -23"><span class='ocrx_word' id='word_1_223' title='bbox 424 3880 488 3945; x_wconf 90' lang='lat' dir='ltr'><strong>sibi</strong></span> <span class='ocrx_word' id='word_1_224' title='bbox 506 3882 596 3946; x_wconf 86' lang='lat' dir='ltr'><strong>visus</strong></span> <span class='ocrx_word' id='word_1_225' title='bbox 614 3886 671 3947; x_wconf 88' lang='lat' dir='ltr'><strong>est.</strong></span> <span class='ocrx_word' id='word_1_226' title='bbox 702 3881 764 3959; x_wconf 86' lang='lat' dir='ltr'><strong>Qui</strong></span> <span class='ocrx_word' id='word_1_227' title='bbox 783 3887 955 3967; x_wconf 90' lang='lat' dir='ltr'><strong>postquam</strong></span> <span class='ocrx_word' id='word_1_228' title='bbox 974 3882 1155 3947; x_wconf 87' lang='lat' dir='ltr'><strong>Heindorfii</strong></span> <span class='ocrx_word' id='word_1_229' title='bbox 1170 3880 1403 3967; x_wconf 85' lang='grc' dir='ltr'><strong><em>Ἀναξαγόρου,</em></strong></span> <span class='ocrx_word' id='word_1_230' title='bbox 1422 3880 1562 3947; x_wconf 82' lang='lat' dir='ltr'><strong>Bekkeri</strong></span> <span class='ocrx_word' id='word_1_231' title='bbox 1580 3882 1655 3967; x_wconf 76' lang='grc' dir='ltr'><strong><em>περί</em></strong></span> 
     </span>
     <span class='ocr_line' id='line_1_27' title="bbox 418 3985 1655 4074; baseline 0.002 -22"><span class='ocrx_word' id='word_1_232' title='bbox 418 3985 643 4072; x_wconf 82' lang='grc' dir='ltr'><strong><em>Ἀναξαγόρου</em></strong></span> <span class='ocrx_word' id='word_1_233' title='bbox 675 3989 811 4055; x_wconf 86' lang='lat' dir='ltr'><strong>delentis</strong></span> <span class='ocrx_word' id='word_1_234' title='bbox 838 3992 978 4055; x_wconf 87' lang='lat' dir='ltr'><strong>rationes</strong></span> <span class='ocrx_word' id='word_1_235' title='bbox 1007 3990 1153 4073; x_wconf 86' lang='lat' dir='ltr'><strong>quamvis</strong></span> <span class='ocrx_word' id='word_1_236' title='bbox 1180 3988 1364 4074; x_wconf 89' lang='lat' dir='ltr'><strong>probabiles</strong></span> <span class='ocrx_word' id='word_1_237' title='bbox 1393 3989 1575 4055; x_wconf 81' lang='lat' dir='ltr'><strong>satisfaeere</strong></span> <span class='ocrx_word' id='word_1_238' title='bbox 1601 4008 1655 4054; x_wconf 78' lang='lat' dir='ltr'><strong>ne</strong></span> 
     </span>
     <span class='ocr_line' id='line_1_28' title="bbox 423 4095 1656 4181; baseline 0.002 -22"><span class='ocrx_word' id='word_1_239' title='bbox 423 4096 527 4181; x_wconf 82' lang='lat' dir='ltr'><strong>gavit,</strong></span> <span class='ocrx_word' id='word_1_240' title='bbox 551 4096 630 4161; x_wconf 83' lang='lat' dir='ltr'><strong>haec</strong></span> <span class='ocrx_word' id='word_1_241' title='bbox 653 4096 743 4162; x_wconf 86' lang='lat' dir='ltr'><strong>addit</strong></span> <span class='ocrx_word' id='word_1_242' title='bbox 765 4098 945 4162; x_wconf 78' lang='lat' dir='ltr'><strong>nimirum</strong></span> <span class='ocrx_word' id='word_1_243' title='bbox 967 4118 1012 4162; x_wconf 80' lang='lat' dir='ltr'><strong>aa</strong></span> <span class='ocrx_word' id='word_1_244' title='bbox 1034 4095 1162 4178; x_wconf 82' lang='grc' dir='ltr'><strong><em>λέγεται</em></strong></span> <span class='ocrx_word' id='word_1_245' title='bbox 1185 4096 1332 4179; x_wconf 80' lang='lat' dir='ltr'><strong>quidem</strong></span> <span class='ocrx_word' id='word_1_246' title='bbox 1355 4096 1526 4161; x_wconf 80' lang='lat' dir='ltr'><strong>molestie</strong></span> <span class='ocrx_word' id='word_1_247' title='bbox 1547 4101 1656 4161; x_wconf 81' lang='grc' dir='ltr'><strong><em>οοοαί</em></strong></span> 
     </span>
     <span class='ocr_line' id='line_1_29' title="bbox 422 4204 1655 4286; baseline 0 -19"><span class='ocrx_word' id='word_1_248' title='bbox 422 4224 533 4285; x_wconf 82' lang='lat' dir='ltr'><strong>qaam</strong></span> <span class='ocrx_word' id='word_1_249' title='bbox 565 4204 740 4286; x_wconf 77' lang='lat' dir='ltr'><strong>deinceps</strong></span> <span class='ocrx_word' id='word_1_250' title='bbox 771 4204 987 4269; x_wconf 75' lang='lat' dir='ltr'><strong>adiicietur</strong></span> <span class='ocrx_word' id='word_1_251' title='bbox 1017 4204 1099 4268; x_wconf 79' lang='grc' dir='ltr'><strong><em>κατὰ</em></strong></span> <span class='ocrx_word' id='word_1_252' title='bbox 1131 4204 1191 4267; x_wconf 78' lang='grc' dir='ltr'><strong>τὸν</strong></span> <span class='ocrx_word' id='word_1_253' title='bbox 1222 4204 1284 4269; x_wconf 82' lang='grc' dir='ltr'><strong>σὸν</strong></span> <span class='ocrx_word' id='word_1_254' title='bbox 1316 4205 1425 4285; x_wconf 81' lang='grc' dir='ltr'><strong><em>λόγον.</em></strong></span> <span class='ocrx_word' id='word_1_255' title='bbox 1461 4204 1566 4285; x_wconf 69' lang='lat' dir='ltr'><strong>itaquae</strong></span> <span class='ocrx_word' id='word_1_256' title='bbox 1602 4222 1655 4286; x_wconf 74' lang='lat' dir='ltr'><strong>epo</strong></span> 
     </span>
     <span class='ocr_line' id='line_1_30' title="bbox 423 4308 1656 4394; baseline 0 -21"><span class='ocrx_word' id='word_1_257' title='bbox 423 4316 519 4374; x_wconf 77' lang='lat' dir='ltr'><strong>toturn</strong></span> <span class='ocrx_word' id='word_1_258' title='bbox 541 4310 597 4375; x_wconf 76' lang='lat' dir='ltr'><strong>too</strong></span> <span class='ocrx_word' id='word_1_259' title='bbox 618 4310 694 4394; x_wconf 74' lang='lat' dir='ltr'><strong>aspi</strong></span> <span class='ocrx_word' id='word_1_260' title='bbox 711 4308 931 4394; x_wconf 83' lang='grc' dir='ltr'><strong><em>Ἀναξαγόρου</em></strong></span> <span class='ocrx_word' id='word_1_261' title='bbox 955 4308 1083 4391; x_wconf 76' lang='grc' dir='ltr'><strong><em>λέγεται</em></strong></span> <span class='ocrx_word' id='word_1_262' title='bbox 1103 4308 1256 4391; x_wconf 68' lang='lat' dir='ltr'><strong>possano</strong></span> <span class='ocrx_word' id='word_1_263' title='bbox 1278 4328 1340 4375; x_wconf 81' lang='lat' dir='ltr'><strong>asse</strong></span> <span class='ocrx_word' id='word_1_264' title='bbox 1356 4314 1434 4391; x_wconf 87' lang='grc' dir='ltr'><strong><em>μαίυ</em></strong></span> <span class='ocrx_word' id='word_1_265' title='bbox 1456 4308 1540 4391; x_wconf 80' lang='lat' dir='ltr'><strong>quod</strong></span> <span class='ocrx_word' id='word_1_266' title='bbox 1560 4330 1656 4391; x_wconf 79' lang='grc' dir='ltr'><strong><em>ρυαυι</em></strong></span> 
     </span>
     <span class='ocr_line' id='line_1_31' title="bbox 382 4415 1654 4499; baseline -0.001 -18"><span class='ocrx_word' id='word_1_267' title='bbox 382 4416 517 4498; x_wconf 60' lang='lat' dir='ltr'><strong>asaele</strong></span> <span class='ocrx_word' id='word_1_268' title='bbox 537 4438 554 4481; x_wconf 86' lang='lat' dir='ltr'><strong>e</strong></span> <span class='ocrx_word' id='word_1_269' title='bbox 575 4423 650 4482; x_wconf 79' lang='lat' dir='ltr'><strong>noto</strong></span> <span class='ocrx_word' id='word_1_270' title='bbox 672 4418 813 4499; x_wconf 71' lang='lat' dir='ltr'><strong>margini</strong></span> <span class='ocrx_word' id='word_1_271' title='bbox 835 4417 997 4499; x_wconf 71' lang='lat' dir='ltr'><strong>adscripto</strong></span> <span class='ocrx_word' id='word_1_272' title='bbox 1019 4418 1099 4481; x_wconf 83' lang='lat' dir='ltr'><strong>oriri</strong></span> <span class='ocrx_word' id='word_1_273' title='bbox 1115 4418 1264 4498; x_wconf 78' lang='grc' dir='ltr'><strong><em>μοίαυνίί,</em></strong></span> <span class='ocrx_word' id='word_1_274' title='bbox 1291 4418 1446 4482; x_wconf 73' lang='lat' dir='ltr'><strong>mmiaem</strong></span> <span class='ocrx_word' id='word_1_275' title='bbox 1463 4415 1654 4499; x_wconf 63' lang='lat' dir='ltr'><strong>pudeant.</strong></span> 
     </span>
     <span class='ocr_line' id='line_1_32' title="bbox 422 4522 1655 4608; baseline 0.001 -22"><span class='ocrx_word' id='word_1_276' title='bbox 422 4522 525 4606; x_wconf 82' lang='lat' dir='ltr'><strong>Atqui</strong></span> <span class='ocrx_word' id='word_1_277' title='bbox 548 4522 611 4587; x_wconf 85' lang='lat' dir='ltr'><strong>hoo</strong></span> <span class='ocrx_word' id='word_1_278' title='bbox 632 4522 727 4587; x_wconf 89' lang='lat' dir='ltr'><strong>nobis</strong></span> <span class='ocrx_word' id='word_1_279' title='bbox 750 4523 889 4607; x_wconf 89' lang='lat' dir='ltr'><strong>aspersit</strong></span> <span class='ocrx_word' id='word_1_280' title='bbox 912 4544 1041 4607; x_wconf 88' lang='lat' dir='ltr'><strong>aquam:</strong></span> <span class='ocrx_word' id='word_1_281' title='bbox 1065 4544 1101 4587; x_wconf 87' lang='lat' dir='ltr'><strong>ao</strong></span> <span class='ocrx_word' id='word_1_282' title='bbox 1124 4522 1234 4587; x_wconf 90' lang='lat' dir='ltr'><strong>mirari</strong></span> <span class='ocrx_word' id='word_1_283' title='bbox 1257 4522 1421 4608; x_wconf 79' lang='lat' dir='ltr'><strong>coepimus</strong></span> <span class='ocrx_word' id='word_1_284' title='bbox 1444 4526 1510 4588; x_wconf 90' lang='lat' dir='ltr'><strong>tam</strong></span> <span class='ocrx_word' id='word_1_285' title='bbox 1529 4522 1655 4587; x_wconf 85' lang='lat' dir='ltr'><strong>futilem</strong></span> 
     </span>
     <span class='ocr_line' id='line_1_33' title="bbox 423 4628 1655 4714; baseline 0.002 -22"><span class='ocrx_word' id='word_1_286' title='bbox 423 4630 581 4693; x_wconf 90' lang='lat' dir='ltr'><strong>rationem</strong></span> <span class='ocrx_word' id='word_1_287' title='bbox 604 4629 745 4695; x_wconf 83' lang='lat' dir='ltr'><strong>movisse</strong></span> <span class='ocrx_word' id='word_1_288' title='bbox 768 4628 880 4694; x_wconf 88' lang='lat' dir='ltr'><strong>dootos</strong></span> <span class='ocrx_word' id='word_1_289' title='bbox 903 4629 1060 4714; x_wconf 89' lang='lat' dir='ltr'><strong>homines,</strong></span> <span class='ocrx_word' id='word_1_290' title='bbox 1083 4632 1121 4693; x_wconf 93' lang='lat' dir='ltr'><strong>ut</strong></span> <span class='ocrx_word' id='word_1_291' title='bbox 1143 4628 1272 4713; x_wconf 77' lang='grc' dir='ltr'><strong><em>λέγεται</em></strong></span> <span class='ocrx_word' id='word_1_292' title='bbox 1295 4629 1392 4695; x_wconf 89' lang='lat' dir='ltr'><strong>simul</strong></span> <span class='ocrx_word' id='word_1_293' title='bbox 1415 4650 1487 4695; x_wconf 87' lang='lat' dir='ltr'><strong>oum</strong></span> <span class='ocrx_word' id='word_1_294' title='bbox 1512 4628 1575 4695; x_wconf 88' lang='lat' dir='ltr'><strong>isto</strong></span> <span class='ocrx_word' id='word_1_295' title='bbox 1599 4651 1655 4694; x_wconf 93' lang='lat' dir='ltr'><strong>no-</strong></span> 
     </span>
     <span class='ocr_line' id='line_1_34' title="bbox 423 4734 1709 4819; baseline 0.002 -21"><span class='ocrx_word' id='word_1_296' title='bbox 423 4736 510 4799; x_wconf 90' lang='lat' dir='ltr'><strong>mine</strong></span> <span class='ocrx_word' id='word_1_297' title='bbox 538 4736 795 4801; x_wconf 87' lang='lat' dir='ltr'><strong>exterminarent.</strong></span> <span class='ocrx_word' id='word_1_298' title='bbox 833 4734 917 4811; x_wconf 85' lang='lat' dir='ltr'><strong>Quid</strong></span> <span class='ocrx_word' id='word_1_299' title='bbox 944 4736 1030 4801; x_wconf 85' lang='lat' dir='ltr'><strong>enim</strong></span> <span class='ocrx_word' id='word_1_300' title='bbox 1058 4735 1186 4819; x_wconf 79' lang='grc' dir='ltr'><strong><em>λέγεται</em></strong></span> <span class='ocrx_word' id='word_1_301' title='bbox 1215 4736 1254 4801; x_wconf 86' lang='lat' dir='ltr'><strong>ad</strong></span> <span class='ocrx_word' id='word_1_302' title='bbox 1282 4736 1379 4801; x_wconf 87' lang='lat' dir='ltr'><strong>verba</strong></span> <span class='ocrx_word' id='word_1_303' title='bbox 1406 4738 1488 4801; x_wconf 79' lang='grc' dir='ltr'><strong><em>κατὰ</em></strong></span> <span class='ocrx_word' id='word_1_304' title='bbox 1511 4738 1571 4801; x_wconf 82' lang='grc' dir='ltr'><strong>τὸν</strong></span> <span class='ocrx_word' id='word_1_305' title='bbox 1594 4736 1656 4802; x_wconf 83' lang='grc' dir='ltr'><strong>σὸν</strong></span> <span class='ocrx_word' id='word_1_306' title='bbox 1671 4738 1709 4795; x_wconf 75' lang='grc'><strong>19·</strong></span> 
     </span>
     <span class='ocr_line' id='line_1_35' title="bbox 423 4842 1656 4928; baseline 0 -21"><span class='ocrx_word' id='word_1_307' title='bbox 423 4842 547 4925; x_wconf 70' lang='grc' dir='ltr'><strong><em>λόγονθ</em></strong></span> <span class='ocrx_word' id='word_1_308' title='bbox 570 4864 652 4927; x_wconf 87' lang='lat' dir='ltr'><strong>quae</strong></span> <span class='ocrx_word' id='word_1_309' title='bbox 669 4864 737 4907; x_wconf 91' lang='lat' dir='ltr'><strong>non</strong></span> <span class='ocrx_word' id='word_1_310' title='bbox 754 4864 827 4907; x_wconf 86' lang='lat' dir='ltr'><strong>rara</strong></span> <span class='ocrx_word' id='word_1_311' title='bbox 844 4846 921 4909; x_wconf 90' lang='lat' dir='ltr'><strong>suut</strong></span> <span class='ocrx_word' id='word_1_312' title='bbox 938 4843 972 4907; x_wconf 92' lang='lat' dir='ltr'><strong>in</strong></span> <span class='ocrx_word' id='word_1_313' title='bbox 987 4842 1109 4928; x_wconf 90' lang='lat' dir='ltr'><strong>Hippia</strong></span> <span class='ocrx_word' id='word_1_314' title='bbox 1127 4848 1159 4908; x_wconf 91' lang='lat' dir='ltr'><strong>et</strong></span> <span class='ocrx_word' id='word_1_315' title='bbox 1177 4842 1269 4909; x_wconf 89' lang='lat' dir='ltr'><strong>libris</strong></span> <span class='ocrx_word' id='word_1_316' title='bbox 1287 4843 1371 4928; x_wconf 89' lang='lat' dir='ltr'><strong>aliis,</strong></span> <span class='ocrx_word' id='word_1_317' title='bbox 1388 4842 1478 4909; x_wconf 87' lang='lat' dir='ltr'><strong>velut</strong></span> <span class='ocrx_word' id='word_1_318' title='bbox 1490 4866 1521 4927; x_wconf 89' lang='lat' dir='ltr'><strong>p.</strong></span> <span class='ocrx_word' id='word_1_319' title='bbox 1540 4842 1589 4925; x_wconf 72' lang='lat'><strong>17,</strong></span> <span class='ocrx_word' id='word_1_320' title='bbox 1603 4842 1656 4925; x_wconf 79' lang='lat'><strong>23,</strong></span> 
     </span>
     <span class='ocr_line' id='line_1_36' title="bbox 423 4946 1656 5036; baseline 0.001 -24"><span class='ocrx_word' id='word_1_321' title='bbox 423 4952 457 5013; x_wconf 92' lang='lat' dir='ltr'><strong>et</strong></span> <span class='ocrx_word' id='word_1_322' title='bbox 478 4970 508 5033; x_wconf 93' lang='lat' dir='ltr'><strong>p.</strong></span> <span class='ocrx_word' id='word_1_323' title='bbox 527 4948 586 5032; x_wconf 75' lang='lat'><strong>47,</strong></span> <span class='ocrx_word' id='word_1_324' title='bbox 604 4948 656 5014; x_wconf 80' lang='lat'><strong>26.</strong></span> <span class='ocrx_word' id='word_1_325' title='bbox 693 4946 837 5026; x_wconf 87' lang='lat' dir='ltr'><strong>Quorum</strong></span> <span class='ocrx_word' id='word_1_326' title='bbox 864 4972 959 5014; x_wconf 91' lang='lat' dir='ltr'><strong>usum</strong></span> <span class='ocrx_word' id='word_1_327' title='bbox 987 4950 1044 5033; x_wconf 89' lang='lat' dir='ltr'><strong>qui</strong></span> <span class='ocrx_word' id='word_1_328' title='bbox 1071 4949 1237 5036; x_wconf 84' lang='lat' dir='ltr'><strong>cognitum</strong></span> <span class='ocrx_word' id='word_1_329' title='bbox 1266 4949 1364 5016; x_wconf 91' lang='lat' dir='ltr'><strong>habet</strong></span> <span class='ocrx_word' id='word_1_330' title='bbox 1390 4954 1447 5013; x_wconf 89' lang='lat' dir='ltr'><strong>aut</strong></span> <span class='ocrx_word' id='word_1_331' title='bbox 1474 4949 1656 5035; x_wconf 84' lang='lat' dir='ltr'><strong>attenderit,</strong></span> 
     </span>
     <span class='ocr_line' id='line_1_37' title="bbox 424 5056 1654 5143; baseline 0.001 -23"><span class='ocrx_word' id='word_1_332' title='bbox 424 5056 596 5143; x_wconf 85' lang='lat' dir='ltr'><strong>intelliget,</strong></span> <span class='ocrx_word' id='word_1_333' title='bbox 623 5058 664 5121; x_wconf 90' lang='lat' dir='ltr'><strong>iis</strong></span> <span class='ocrx_word' id='word_1_334' title='bbox 692 5056 798 5121; x_wconf 85' lang='lat' dir='ltr'><strong>verbis</strong></span> <span class='ocrx_word' id='word_1_335' title='bbox 825 5078 891 5121; x_wconf 93' lang='lat' dir='ltr'><strong>non</strong></span> <span class='ocrx_word' id='word_1_336' title='bbox 919 5062 985 5122; x_wconf 89' lang='lat' dir='ltr'><strong>tam</strong></span> <span class='ocrx_word' id='word_1_337' title='bbox 1014 5078 1095 5142; x_wconf 91' lang='lat' dir='ltr'><strong>quae</strong></span> <span class='ocrx_word' id='word_1_338' title='bbox 1122 5056 1194 5141; x_wconf 88' lang='lat' dir='ltr'><strong>quis</strong></span> <span class='ocrx_word' id='word_1_339' title='bbox 1217 5056 1334 5121; x_wconf 86' lang='lat' dir='ltr'><strong>dixerit</strong></span> <span class='ocrx_word' id='word_1_340' title='bbox 1357 5078 1454 5140; x_wconf 90' lang='lat' dir='ltr'><strong>quam</strong></span> <span class='ocrx_word' id='word_1_341' title='bbox 1477 5078 1558 5141; x_wconf 88' lang='lat' dir='ltr'><strong>quae</strong></span> <span class='ocrx_word' id='word_1_342' title='bbox 1581 5076 1654 5121; x_wconf 87' lang='lat' dir='ltr'><strong>oon·</strong></span> 
     </span>
     <span class='ocr_line' id='line_1_38' title="bbox 423 5146 1655 5249; baseline -0.001 -21"><span class='ocrx_word' id='word_1_343' title='bbox 423 5164 557 5229; x_wconf 82' lang='lat' dir='ltr'><strong>sectaris</strong></span> <span class='ocrx_word' id='word_1_344' title='bbox 580 5164 664 5228; x_wconf 89' lang='lat' dir='ltr'><strong>fiunt</strong></span> <span class='ocrx_word' id='word_1_345' title='bbox 686 5186 725 5227; x_wconf 85' lang='lat' dir='ltr'><strong>ex</strong></span> <span class='ocrx_word' id='word_1_346' title='bbox 745 5164 785 5227; x_wconf 89' lang='lat' dir='ltr'><strong>iis</strong></span> <span class='ocrx_word' id='word_1_347' title='bbox 804 5186 887 5248; x_wconf 92' lang='lat' dir='ltr'><strong>quae</strong></span> <span class='ocrx_word' id='word_1_348' title='bbox 906 5164 988 5227; x_wconf 87' lang='lat' dir='ltr'><strong>dixit</strong></span> <span class='ocrx_word' id='word_1_349' title='bbox 1007 5146 1192 5249; x_wconf 77' lang='lat' dir='ltr'><strong>significari.</strong></span> <span class='ocrx_word' id='word_1_350' title='bbox 1229 5162 1332 5240; x_wconf 84' lang='lat' dir='ltr'><strong>Quare</strong></span> <span class='ocrx_word' id='word_1_351' title='bbox 1352 5162 1499 5231; x_wconf 76' lang='lat' dir='ltr'><strong>Socrates</strong></span> <span class='ocrx_word' id='word_1_352' title='bbox 1518 5162 1545 5227; x_wconf 90' lang='lat' dir='ltr'><strong>ai</strong></span> <span class='ocrx_word' id='word_1_353' title='bbox 1564 5162 1655 5247; x_wconf 80' lang='lat' dir='ltr'><strong>dixit,</strong></span> 
     </span>
     <span class='ocr_line' id='line_1_39' title="bbox 423 5269 1655 5355; baseline 0.001 -21"><span class='ocrx_word' id='word_1_354' title='bbox 423 5282 492 5335; x_wconf 87' lang='grc' dir='ltr'><strong>τῶν</strong></span> <span class='ocrx_word' id='word_1_355' title='bbox 517 5269 689 5355; x_wconf 78' lang='grc' dir='ltr'><strong><em>προτέραν</em></strong></span> <span class='ocrx_word' id='word_1_356' title='bbox 717 5269 844 5353; x_wconf 77' lang='grc' dir='ltr'><strong><em>λέγεται</em></strong></span> <span class='ocrx_word' id='word_1_357' title='bbox 873 5272 978 5354; x_wconf 73' lang='grc' dir='ltr'><strong><em>πολλὴ</em></strong></span> <span class='ocrx_word' id='word_1_358' title='bbox 1002 5269 1130 5354; x_wconf 86' lang='grc' dir='ltr'><strong><em>ἀμαθία</em></strong></span> <span class='ocrx_word' id='word_1_359' title='bbox 1153 5272 1234 5335; x_wconf 79' lang='grc' dir='ltr'><strong><em>κατὰ</em></strong></span> <span class='ocrx_word' id='word_1_360' title='bbox 1257 5270 1317 5335; x_wconf 81' lang='grc' dir='ltr'><strong>τὸν</strong></span> <span class='ocrx_word' id='word_1_361' title='bbox 1340 5271 1401 5336; x_wconf 86' lang='grc' dir='ltr'><strong>σὸν</strong></span> <span class='ocrx_word' id='word_1_362' title='bbox 1425 5272 1541 5353; x_wconf 75' lang='grc' dir='ltr'><strong><em>λόγον,</em></strong></span> <span class='ocrx_word' id='word_1_363' title='bbox 1570 5272 1655 5336; x_wconf 78' lang='lat' dir='ltr'><strong>reete</strong></span> 
     </span>
     <span class='ocr_line' id='line_1_40' title="bbox 425 5376 1653 5462; baseline 0.001 -22"><span class='ocrx_word' id='word_1_364' title='bbox 425 5378 516 5460; x_wconf 75' lang='lat' dir='ltr'><strong>dxit,</strong></span> <span class='ocrx_word' id='word_1_365' title='bbox 538 5398 605 5441; x_wconf 91' lang='lat' dir='ltr'><strong>non</strong></span> <span class='ocrx_word' id='word_1_366' title='bbox 625 5398 663 5443; x_wconf 87' lang='lat' dir='ltr'><strong>ea</strong></span> <span class='ocrx_word' id='word_1_367' title='bbox 680 5381 796 5462; x_wconf 67' lang='lat' dir='ltr'><strong>mente,</strong></span> <span class='ocrx_word' id='word_1_368' title='bbox 820 5378 914 5462; x_wconf 89' lang='lat' dir='ltr'><strong>quasi</strong></span> <span class='ocrx_word' id='word_1_369' title='bbox 932 5376 1070 5462; x_wconf 88' lang='lat' dir='ltr'><strong>Hippias</strong></span> <span class='ocrx_word' id='word_1_370' title='bbox 1089 5376 1281 5442; x_wconf 84' lang='lat' dir='ltr'><strong>affirmasset</strong></span> <span class='ocrx_word' id='word_1_371' title='bbox 1301 5380 1499 5443; x_wconf 83' lang='lat' dir='ltr'><strong>vetustorum</strong></span> <span class='ocrx_word' id='word_1_372' title='bbox 1518 5376 1653 5443; x_wconf 87' lang='lat' dir='ltr'><strong>multam</strong></span> 
     </span>
    </p>
   </div>
   <div class='ocr_carea' id='block_1_5' title="bbox 0 0 1975 6675">
    <p class='ocr_par' dir='ltr' id='par_1_5' title="bbox 0 0 1975 6675">
     <span class='ocr_line' id='line_1_41' title="bbox 0 0 1975 6675; baseline 0 0"><span class='ocrx_word' id='word_1_373' title='bbox 0 0 1975 6675; x_wconf 95' lang='lat' dir='ltr'><strong> </strong></span> 
     </span>
    </p>
   </div>
  </div>
 </body>
</html>
