3925 6675
450 1072 520 1139 250
667 1076 750 1127 XLV.
769 1075 885 1125 INDEX
902 1073 1116 1125 LECTIONUM
1136 1072 1368 1124 AESTIVARUM
1387 1074 1465 1127 1897.

451 1236 541 1320 quod
571 1257 638 1300 non
668 1240 755 1301 reate
786 1240 842 1300 aut
871 1258 938 1299 non
964 1234 1066 1319 probe
1094 1255 1131 1299 ao
1158 1234 1271 1299 doecre
1298 1232 1417 1299 elatum
1444 1234 1496 1299 ait
1538 1231 1602 1297 Sed
1630 1232 1690 1297 alii

449 1342 559 1428 aliter,
587 1348 620 1407 et
647 1342 824 1425 ‘defendet
851 1344 897 1409 eit
920 1340 1046 1424 Cicero,
1074 1341 1161 1425 quod
1189 1343 1324 1425 quisque
1353 1340 1464 1405 sentit:
1496 1344 1572 1404 sunt
1599 1339 1687 1404 enim

452 1449 572 1515 iudicia
602 1450 724 1515 libera?
765 1448 869 1514 Nobis
903 1452 935 1512 et
966 1448 1024 1514 illa
1055 1448 1234 1533 probantur
1265 1452 1298 1512 et
1325 1448 1387 1512 hoo
1414 1468 1473 1533 pro
1499 1447 1689 1512 firmissimo

450 1556 660 1622 fundamento
684 1561 745 1638 eet,
773 1557 806 1619 iu
831 1577 898 1639 quo
920 1555 1000 1619 haee
1023 1556 1241 1620 controversia
1263 1554 1419 1638 diluatur,
1440 1574 1500 1619 nec
1522 1554 1611 1619 nobis
1633 1552 1689 1618 ad·

451 1662 665 1727 dubitandum
687 1685 791 1747 neque
814 1684 888 1726 vero
912 1664 993 1727 onitu
1015 1664 1147 1727 miserae
1168 1660 1239 1726 esse
1262 1660 1553 1745 derelinquendum.

541 1788 586 1834 w.
623 1768 696 1835 Una
722 1770 820 1833 etiam
843 1771 1032 1853 quaestione
1054 1768 1266 1855 deiungemur
1289 1769 1386 1833 brevi.
1423 1766 1462 1833 In
1483 1768 1594 1833 eodem
1618 1788 1688 1833 car·

451 1878 539 1941 mine
560 1876 640 1942 haec
662 1878 816 1961 leguntur
837 1876 912 1940 inde
934 1899 953 1940 a
975 1898 1004 1941 v.
1025 1875 1090 1940 269

612 1984 678 2048 Hie
698 1983 803 2065 nmina
823 1984 904 2064 stota
921 1983 1086 2066 piendum
1108 2004 1196 2048 mora
1218 1984 1371 2049 anceio

501 2090 567 2156 270
611 2090 814 2173 Horrificone
834 2090 986 2173 septenes
1002 2090 1161 2174 prodicos
1182 2091 1294 2154 incitet
1315 2090 1419 2155 nura

410 2222 438 2262 n
612 2198 742 2263 Aurora
764 2199 917 2263 materie
937 2199 1012 2279 cayi
1033 2198 1089 2262 snb
1112 2196 1228 2262 limina
1249 2198 1336 2276 eolis,

617 2306 703 2385 Quae
724 2306 814 2370 tonde
829 2306 974 2385 pnmnm
996 2304 1136 2369 demeriti
1157 2304 1288 2385 [tannae
1304 2304 1418 2386 manue
1544 2332 1547 2340 ·

614 2411 803 2489 Procedant,
825 2409 1003 2495 leviterque
1026 2416 1143 2475 sonant
1159 2410 1312 2494 pleiaycrc
1333 2410 1491 2489 andriani,

613 2517 691 2582 Post
711 2524 798 2583 vento
820 2523 967 2583 cresoertte
988 2519 1091 2600 meeis
1113 2520 1216 2600 mcyis
1237 2518 1444 2583 increbesmnt

501 2624 567 2687 275
613 2624 839 2707 Pnipnrccqnc
854 2624 966 2706 proed
988 2628 1100 2690 nentes
1122 2624 1161 2689 ob
1183 2624 1249 2689 lnce
1269 2624 1433 2707 addend,

499 2776 503 2783 -
612 2730 667 2796 sie
687 2737 754 2795 tum
776 2730 918 2796 ccetebnli
938 2731 1110 2813 linquentes
1131 2732 1219 2814 neqic
1241 2736 1319 2796 ceca

611 2839 668 2902 Ad
688 2858 721 2903 ce
742 2839 871 2919 qunque
891 2858 969 2920 voye
986 2839 1111 2921 pesam
1128 2840 1208 2921 pecte
1230 2838 1433 2903 discedebant.

451 2942 631 3010 Dicendum
651 2944 746 3009 nobie
763 2949 814 3009 est
832 2944 871 3007 de
889 2964 985 3009 versu
1004 2944 1079 3025 273,
1098 2944 1131 3008 in
1151 2966 1215 3029 quo
1235 2945 1268 3008 in
1287 2943 1556 3031 sangermanensi
1575 2944 1687 3010 codiee

452 3052 630 3135 ceterisque
653 3052 747 3116 bouis
769 3051 862 3115 libris
885 3051 1043 3136 seriptum
1066 3056 1115 3117 eet
1133 3052 1238 3117 node
1255 3057 1369 3117 sonant
1381 3072 1415 3134 p.
1434 3072 1458 3117 a
1495 3048 1589 3128 Quod
1608 3052 1688 3135 qnia

450 3157 604 3223 vitiosum
627 3162 708 3240 eret,
732 3162 909 3223 eor-reatum
932 3162 982 3223 est
1005 3158 1045 3221 ab
1069 3156 1170 3241 Italis,
1194 3159 1260 3223 sive
1283 3158 1346 3225 leni
1368 3160 1515 3224 immet
1530 3156 1688 3239 plenem

410 3289 438 3330 so
451 3265 519 3329 sire
541 3264 647 3329 heder
667 3270 815 3330 resoriant
836 3264 1090 3330 restituentibus.
1127 3264 1165 3330 In
1190 3264 1365 3331 Oxoniansi
1383 3269 1490 3330 autem
1508 3264 1687 3350 paucisque

450 3373 524 3436 aliia
556 3376 719 3438 exaratum
752 3379 800 3437 est
828 3373 991 3455 leuiterque
1016 3379 1137 3439 sonam
1179 3373 1223 3438 Et
1249 3372 1333 3438 hanc
1360 3375 1464 3460 ipsam
1491 3373 1687 3458 scripturum

451 3480 530 3543 olim
544 3479 669 3562 antiqui
683 3481 832 3562 editores,
846 3479 1033 3563 Beroaldus,
1047 3480 1218 3564 Guarinus,
1231 3480 1386 3564 Muretus,
1397 3479 1540 3545 Achilles
1551 3478 1687 3554 Statius,

450 3585 520 3669 alii,
542 3585 755 3672 vulgaverunt
777 3591 833 3651 aut
855 3586 1047 3672 probarunt,
1075 3607 1210 3672 eamque
1233 3588 1373 3653 servavit
1395 3589 1492 3652 etiam
1516 3584 1687 3667 Graevius3

450 3695 575 3776 postea
605 3693 639 3756 ni
666 3693 810 3758 fallimur
836 3695 901 3759 iam
928 3694 1003 3758 inde
1030 3715 1049 3758 a
1075 3691 1214 3779 Iosepho
1244 3693 1421 3780 Scaligero,
1447 3693 1511 3759 leni
1536 3699 1688 3760 resonent

449 3799 503 3864 edi
530 3800 725 3884 maluerunt,
753 3821 887 3885 eamque
911 3801 1049 3866 formam
1073 3823 1131 3886 per
1153 3799 1272 3866 multas
1295 3821 1406 3866 rursus
1430 3801 1586 3866 editiones
1609 3821 1687 3886 pro·

451 3909 601 3991 pagatam
631 3905 856 3972 Lachmannue
884 3929 1013 3992 quoque
1039 3907 1103 3972 fide
1131 3907 1251 3973 codicis
1279 3905 1443 3972 Gniaoiani
1471 3929 1489 3971 a
1517 3905 1685 3994 scaligero

450 4011 601 4095 exhibiti,
625 4035 818 4098 quamquam
841 4036 915 4079 eum
937 4036 1002 4078 non
1027 4014 1186 4079 sincerum
1210 4014 1302 4098 dicit,
1330 4015 1451 4099 recepit
1473 4013 1685 4098 Hauptioque

450 4120 607 4204 probavit
641 4119 705 4184 Sed
722 4125 933 4205 posteaquam
946 4120 984 4186 It
1000 4121 1108 4186 Ellieii
1126 4121 1317 4186 beneficium
1331 4121 1546 4186 Oxonienaem
1564 4120 1685 4186 librum

450 4249 488 4292 ex
512 4227 653 4292 tenebris
676 4229 711 4292 in
733 4229 838 4294 lucem
861 4227 1093 4313 doctorumque
1115 4227 1283 4294 hominum
1306 4251 1400 4293 usum
1424 4227 1548 4310 attulit,
1571 4248 1685 4311 quem-

408 4357 436 4398 n
451 4355 546 4418 quam
574 4334 662 4418 quod
688 4334 743 4398 ille
769 4334 903 4418 praebet
925 4337 1023 4400 etiam
1046 4339 1120 4400 aute
1143 4357 1183 4400 ex
1205 4335 1276 4400 aliie
1300 4333 1463 4401 codicibus
1487 4337 1599 4400 notum
1623 4355 1685 4400 uec

449 4439 656 4505 Lachmanno
684 4442 922 4526 incompertum
948 4446 1031 4525 eret,
1063 4441 1159 4506 multi
1188 4441 1327 4507 editores
1355 4441 1451 4506 huius
1479 4440 1684 4507 auctoritatis

449 4546 567 4612 fiducia
594 4547 684 4627 freti,
711 4547 799 4631 quod
825 4546 904 4612 olim
932 4547 1030 4634 vulgo
1054 4547 1349 4632 circumferebatur,
1377 4548 1539 4630 hainone
1558 4555 1683 4626 ment,

450 4651 578 4718 Catullo
601 4653 797 4718 reddendum
819 4655 883 4720 sibi
905 4661 1141 4740 persuaserunt,
1164 4655 1341 4721 orationem
1364 4657 1460 4720 istam
1478 4656 1610 4739 insuper
1626 4653 1683 4720 Se-

449 4781 546 4826 neoae
571 4782 680 4840 versu,
707 4766 740 4825 et
761 4761 833 4845 ipso
856 4764 920 4827 iam
944 4763 1123 4846 antiquitus
1146 4764 1261 4846 aseito,
1289 4763 1328 4826 de
1352 4763 1592 4848 Agamemnona
1614 4761 1684 4826 680

448 4867 519 4932 iicet
548 4867 690 4950 moneo
722 4867 821 4953 Ceyca
851 4889 943 4935 mnan
974 4869 1070 4951 fluctu
1102 4869 1207 4935 lenter
1231 4870 1401 4952 abnuente
1430 4875 1538 4936 senen
1567 4869 1682 4935 confir·

448 4973 530 5039 mari
557 4973 711 5040 arbitrati.
748 4973 799 5041 Ita
826 4977 1008 5041 iudicarunt
1034 4981 1110 5061 poet
1132 4975 1362 5042 Baehrensium
1386 4974 1579 5042 Oxoniensie
1606 4975 1684 5044 libri

447 5081 647 5146 laudatorem
676 5080 876 5168 Schwabiue,
905 5081 1088 5168 Sehulzius,
1117 5081 1313 5170 Postgetiue.
1350 5081 1418 5148 Alii
1445 5079 1548 5148 nihilo
1576 5081 1682 5149 senius

449 5191 560 5253 eontra
588 5192 768 5275 senserunt,
795 5189 929 5256 Ellisius
952 5190 1057 5256 leniter
1079 5197 1226 5256 resmmnt
1248 5189 1451 5255 scribendum
1474 5191 1578 5274 ratus,
1603 5189 1683 5256 leeri-

447 5317 507 5377 qne
535 5304 648 5362 conani
680 5319 752 5362 aum
784 5295 989 5361 Froehlichio
1023 5297 1164 5380 Rieeius,
1195 5295 1391 5362 Schmidtius
1422 5297 1504 5364 lenes
1534 5305 1683 5364 amnone
