3925 6675
785 1085 835 1136 DE
854 1084 1032 1136 PLATONIS
1051 1084 1196 1136 sonem.

925 1245 1010 1311 ἀλλά
1031 1243 1087 1310 καλ
1109 1257 1229 1329 σοφοῖς

504 1349 560 1416 καὶ
583 1362 670 1417 τοῖσι
694 1353 837 1436 φαύλοις
859 1349 977 1437 ἔνδιχ’,
999 1353 1045 1429 ὡς
1068 1350 1140 1436 ἐμοὶ
1165 1353 1265 1418 δοκεῖ.

363 1457 475 1544 Iphig.
494 1457 602 1523 Aulid
623 1458 688 1523 734

503 1566 565 1650 οὐχ
588 1564 606 1630 ὁ
629 1568 731 1649 νόμος
754 1560 867 1649 οὗτος,
891 1569 934 1631 σὺ
957 1563 995 1631 δὲ
1018 1564 1126 1651 φαῦλ’
1148 1565 1223 1649 ἡγεῖ
1243 1566 1331 1630 τάδε.

365 1672 451 1736 Med
470 1671 534 1736 807
787 1725 789 1729 ⁴

501 1762 618 1845 μηδείς
638 1785 679 1843 με
703 1762 838 1845 φαύλην
860 1761 1008 1846 κάσθενῆ
1032 1761 1197 1844 νομιζέτω.

457 1867 521 1932 Sed
545 1867 584 1932 de
606 1869 714 1952 lapide
732 1867 835 1952 Lydio
860 1890 933 1932 cum
957 1868 1110 1952 dicamne,
1134 1891 1199 1934 non
1222 1869 1403 1934 omittimus
1425 1869 1604 1953 disceptare

361 1975 479 2059 paucis
498 1973 646 2038 Platonis
668 1974 781 2058 verba,
808 1977 873 2039 iam
897 1998 994 2060 supra
1017 1975 1115 2041 semel
1139 1979 1171 2040 et
1194 1977 1310 2040 iterum
1334 1998 1354 2038 a
1377 1975 1471 2041 nobis
1495 1976 1604 2058 ascito,

360 2080 486 2165 quibus
509 2082 551 2164 is,
574 2085 612 2145 ut
635 2086 758 2146 veteres
783 2083 896 2164 solent,
920 2079 961 2146 ab
985 2103 1023 2146 eo
1046 2083 1153 2168 lapide
1176 2082 1305 2147 ductam
1329 2083 1603 2167 comparationem

362 2188 517 2253 institnit.
556 2185 619 2264 Qui
634 2185 799 2253 Socratem
818 2189 865 2252 ita
884 2188 1043 2256 dicentem
1057 2189 1135 2254 facit
1149 2190 1183 2254 in
1198 2187 1318 2275 Gorgia
1332 2187 1377 2274 (p.
1392 2188 1445 2272 57,
1462 2187 1504 2253 10
1513 2186 1601 2275 Sch.)
1617 2234 1644 2274 ω

501 2305 543 2368 Ei
566 2314 695 2389 χρυσῆν
717 2301 803 2390 ἔχων
826 2303 1009 2390 ἐτύγχανον
1032 2306 1093 2388 τῆν
1114 2308 1237 2390 ψυχήν,
1260 2300 1286 2370 ὦ
1312 2307 1517 2385 Καλλίκλεις,
1540 2305 1602 2370 οὐκ

501 2409 544 2475 ἂν
567 2417 630 2476 oisc
652 2435 692 2494 με
717 2412 864 2493 ἄσμενον
887 2411 999 2495 εὑρεῖν
1022 2412 1150 2476 τούτων
1173 2413 1248 2477 τινὰ
1271 2421 1339 2476 τῶν
1362 2415 1480 2493 λίθων,
1503 2403 1524 2496 ᾗ
1545 2415 1602 2495 βα-

501 2521 671 2598 σανίζουσι
694 2520 753 2583 τὸν
776 2520 917 2604 χρυσόν,
945 2519 1007 2601 τῆν
1034 2517 1188 2603 ἀρίστην,
1215 2519 1298 2602 πρὸς
1321 2519 1440 2601 ῆντινα
1462 2514 1602 2599 ἔμελλον

500 2625 725 2708 προσαγαγὼν
748 2624 868 2708 αὑτήν,
897 2631 931 2688 ελ
949 2648 1007 2709 μοι
1030 2624 1266 2709 ὁμολογήσειεν
1289 2623 1398 2707 ἐκείνη
1422 2629 1529 2701 καλῶς
1552 2649 1602 2689 τε-

499 2737 732 2814 θεραπεῦσθαι
760 2733 822 2814 τὴν
848 2733 974 2816 ψυχήν,
1004 2726 1041 2797 εὖ
1065 2737 1216 2797 εἴσεσθαι
1240 2731 1292 2796 ὅτι
1316 2732 1437 2808 ἱκανῶς
1460 2727 1522 2816 ἔχοι
1546 2729 1602 2796 cal

500 2836 602 2904 οὐδέν
623 2862 681 2922 μοι
705 2841 756 2903 δεῖ
779 2839 880 2922 ἄλλης
903 2838 1070 2922 βασάνοιι;

358 2954 413 3019 De
435 2954 488 3019 his
512 2953 618 3018 verbis
641 2976 744 3039 nuper
762 2953 968 3019 Hermannus
987 2952 1150 3038 Sauppius
1172 2955 1240 3039 egit
1263 2955 1297 3018 in
1315 2953 1423 3018 Variis
1440 2953 1600 3020 Lectioni·
1639 2941 1641 2945 ⁷

361 3062 425 3126 bns
455 3062 492 3125 in
518 3061 718 3146 praefatione
745 3059 928 3126 scholarum
957 3060 1210 3126 academicorum
1237 3085 1265 3125 a.
1293 3060 1380 3125 1890
1408 3060 1516 3144 editis,
1544 3063 1601 3146 qui

359 3169 529 3253 proiectus
557 3168 597 3233 ab
625 3190 663 3233 eo
693 3167 779 3252 quod
806 3166 980 3233 scholiasta
1008 3168 1047 3232 ad
1072 3167 1159 3232 hunc
1181 3168 1304 3250 locum,
1332 3167 1409 3232 item
1432 3167 1473 3233 ad
1497 3171 1600 3232 Πολι-

359 3277 451 3352 τείας
465 3293 502 3340 V1
516 3297 547 3360 p.
561 3274 637 3359 308,
651 3274 695 3340 20
704 3274 806 3340 Belslr.
820 3273 996 3358 adnotavit,
1009 3275 1160 3358 βάσανον
1174 3274 1238 3339 dici
1252 3273 1391 3359 lapidem
1406 3297 1470 3359 qno
1485 3296 1598 3340 aurum
1613 3301 1642 3343 eo

356 3384 595 3467 exploraretur,
612 3387 646 3447 et
663 3382 750 3447 hunc
769 3386 801 3446 et
819 3381 960 3466 reliquos
979 3381 1035 3467 qui
1051 3382 1135 3446 idem
1150 3382 1350 3466 tradiderint,
1369 3382 1597 3468 grammaticos
1657 3413 1660 3418 ·

356 3495 393 3555 et
417 3489 675 3576 lexicographos,
697 3490 797 3554 falsos
820 3512 890 3554 esse
912 3494 945 3553 et
966 3489 1116 3572 βάσανον
1139 3488 1173 3554 in
1197 3511 1258 3553 usu
1281 3492 1450 3573 poetarum
1468 3492 1501 3553 et
1520 3490 1597 3554 scii·

357 3602 493 3682 ptorum
516 3618 692 3680 numquam
710 3596 773 3660 nisi
792 3595 981 3681 explorandi
1000 3617 1130 3680 operam
1149 3595 1331 3681 significare
1350 3595 1499 3679 affirmat,
1523 3594 1596 3660 dein

357 3703 509 3768 Platonis
542 3702 652 3786 verba,
684 3703 718 3767 in
751 3702 868 3786 quibus
901 3707 949 3768 est
981 3702 1069 3787 quod
1096 3703 1160 3767 iam
1188 3701 1266 3767 olim
1294 3704 1486 3787 interpretes
1515 3703 1598 3767 male

355 3812 486 3894 habuit,
509 3810 614 3875 deleto
632 3812 708 3875 τινὰ
726 3811 926 3895 pronomine,
949 3814 1062 3894 cipro
1081 3802 1103 3897 ᾗ
1121 3810 1272 3895 reposito,
1297 3809 1433 3893 denique
1453 3809 1598 3874 oratione

355 3918 515 3982 distincta
540 3918 576 3981 in
602 3917 690 3981 hunc
717 3915 847 3981 modum
875 3918 915 3981 nd
943 3918 1111 4002 pristinam
1138 3918 1277 3981 formam
1304 3938 1453 3982 revocare
1482 3915 1597 3980 studet.

497 4026 542 4089 Εἰ
562 4033 690 4109 χρυσῆν
712 4020 799 4107 ἔχων
821 4022 1006 4108 ἐτύγχανον
1028 4025 1089 4107 τῆν
1111 4026 1233 4107 ψυχῆν,
1257 4019 1282 4087 ὦ
1306 4025 1360 4103 K,
1383 4022 1445 4087 οὐκ
1468 4020 1511 4085 ἂν
1534 4028 1597 4087 ολει

496 4154 536 4214 με
559 4132 706 4215 ἅσμενον
729 4130 841 4213 εὑρεῖν
863 4131 993 4196 τούτων
1015 4142 1083 4195 τῶν
1107 4132 1215 4196 λίθων
1238 4132 1273 4194 αἳ
1296 4130 1512 4213 βασανίζουσι
1536 4129 1596 4193 τὸν

496 4239 623 4321 χρυσὸν
653 4239 716 4321 τῆν
747 4236 902 4321 ἀρίστην,
933 4238 1018 4320 πρὸς
1051 4238 1169 4319 ῆντινα
1200 4234 1341 4320 ἔμελλον
1373 4236 1596 4319 προσαγαγὼν

496 4343 616 4429 αὐτήν,
644 4350 678 4408 si
699 4368 756 4429 μοι
784 4344 1020 4428 ὁμολογήσειεν
1048 4342 1156 4428 ἐκείνη
1184 4347 1290 4419 καλῶς
1318 4346 1596 4425 τεθεραπεῦσθαι,
1610 4372 1638 4411 ιο

496 4452 557 4535 τῆν
579 4452 691 4535 ψυχὴν
713 4445 751 4515 εὑ
771 4457 921 4515 εἴσεσθαι
945 4450 996 4516 ὅτι
1021 4451 1142 4527 [κανῶς
1164 4453 1227 4535 ἔχοι
1251 4455 1317 4515 κτλ.
1416 4509 1417 4512 ,

354 4559 409 4625 Do
436 4564 573 4642 utreque
600 4578 635 4621 re
661 4556 757 4622 nobis
785 4556 954 4622 dicendum
982 4560 1039 4621 est.
1082 4555 1281 4641 Quamquam
1306 4557 1344 4620 de
1367 4557 1516 4640 βασάνου
1539 4580 1596 4623 no·

355 4664 457 4730 minis
479 4686 541 4729 nsn
564 4669 598 4729 et
619 4664 854 4749 significatione
877 4664 1032 4749 impedita
1055 4664 1201 4748 quaestio
1225 4668 1289 4745 est,
1316 4686 1412 4747 quam
1435 4687 1502 4729 non
1525 4666 1597 4730 teti·

354 4772 447 4860 gisae
479 4771 616 4836 forsitan
645 4770 748 4835 tutins
775 4771 882 4835 fuerit.
933 4770 978 4835 Ut
1006 4771 1090 4835 enim
1118 4775 1264 4855 apertum
1293 4775 1342 4834 est
1368 4771 1403 4835 in
1430 4772 1595 4836 nonnullis

356 4878 517 4963 exemplis
540 4899 652 4943 eornm
676 4899 757 4961 qnae
776 4875 937 4963 Sauppius
962 4877 1095 4963 collegit
1115 4877 1243 4942 admitti
1262 4899 1332 4942 eam
1352 4899 1448 4961 quam
1469 4879 1594 4944 unicam

355 5007 428 5051 esse
451 4984 556 5050 voluit
578 4983 719 5049 nominis
742 4985 999 5069 explicationem,
1021 4985 1055 5048 in
1078 4984 1150 5049 aliis
1174 5005 1264 5049 secus
1288 4985 1490 5049 sentiendum
1509 4984 1595 5049 vide-

353 5098 426 5177 tur,
454 5091 543 5156 velut
570 5090 767 5177 Theognidis
791 5113 819 5154 v,
838 5090 904 5155 449
933 5092 1085 5176 εὑρήσεις
1113 5091 1153 5156 δέ
1177 5114 1275 5176 με..
1300 5091 1408 5174 ὥσπερ
1437 5093 1594 5175 ἄπεφθον

352 5199 501 5285 χρυσόν,
533 5195 683 5283 ἐρυθρὸν
715 5198 802 5263 ι’δεῑν
833 5200 1031 5282 τριβόμενον
1058 5198 1193 5285 βασάνῳ
1221 5218 1315 5283 aegre
1342 5196 1531 5262 adducimur
1553 5202 1594 5260 ut

354 5328 422 5371 non
448 5302 589 5389 lapidem
608 5304 671 5369 dici
692 5327 755 5388 quo
775 5327 888 5370 aurum
907 5310 1084 5390 temptetur
1102 5305 1331 5390 intelligemus,
1354 5326 1458 5387 neque
1476 5307 1513 5367 ut
1531 5302 1594 5367 hoc
