3925 6675
554 1145 605 1196 uu
622 1143 852 1196 asmuuarmo
871 1143 1017 1195 umucu
1034 1141 1174 1193 rumore
1194 1141 1362 1193 ceramo.
1528 1137 1592 1202 125

398 1304 496 1370 Gallam
521 1312 547 1370 d
571 1306 703 1372 Gallam
732 1305 884 1387 sacrificii
912 1307 1046 1370 vicarias
1074 1304 1198 1369 obicere
1226 1302 1323 1368 variis
1354 1301 1458 1368 modis
1488 1300 1592 1366 defor-

397 1417 493 1477 narnnt
512 1412 798 1498 deturparuutque,
825 1411 867 1476 ob
891 1433 961 1475 sem
986 1432 1129 1493 causam,
1153 1409 1229 1494 quia
1252 1413 1308 1473 aut
1331 1408 1512 1495 intelligere
1535 1414 1592 1473 aut

397 1519 501 1585 tolerare
531 1520 705 1585 noluerunt
734 1518 914 1583 Minucium
949 1518 1055 1582 dicare
1084 1517 1225 1582 Ruinam
1253 1517 1404 1599 sacrificii
1434 1519 1491 1602 (sc.
1514 1515 1591 1602 fait)

400 1623 519 1692 &amm
540 1633 568 1692 et
593 1626 750 1692 &accam
770 1625 902 1691 Gallum
925 1631 953 1689 et
977 1624 1108 1690 Gallam
1130 1626 1263 1688 memes
1284 1623 1418 1701 obiam
1441 1625 1593 1689 maluisse

398 1735 476 1797 auten
503 1733 586 1799 baud
619 1733 757 1798 obscuro
791 1731 927 1798 consilio
960 1753 1033 1796 eum
1061 1731 1202 1796 Romani
1233 1731 1343 1795 statim
1379 1731 1534 1796 θταααααα
1565 1738 1594 1796 et

400 1835 520 1905 &amm
539 1840 670 1906 Gallam
693 1846 722 1904 et
742 1839 873 1905 Guttam
897 1838 1105 1924 coniunger03
1128 1841 1161 1902 et
1184 1838 1212 1901 si
1230 1841 1314 1902 esest
1332 1837 1473 1903 Romani
1493 1837 1594 1904 Grae·

399 1962 447 2008 com
460 1949 598 2030 sacrificii
615 1949 766 2012 ciomtem
783 1946 915 2024 abnam,
934 1945 1094 2010 neminem
1107 1948 1259 2029 putamus
1274 1944 1470 2009 offensurum
1485 1945 1594 2029 fnisse,

400 2050 440 2114 scd
455 2074 486 2117 ne
505 2076 589 2119 nunc
612 2053 752 2138 quidem,
774 2052 926 2136 quoniam
949 2052 1031 2117 haec
1051 2051 1206 2118 Graecam
1225 2057 1253 2116 ct
1273 2051 1436 2131 Graecam,
1462 2051 1593 2118 Gallam

400 2157 544 2226 clitellam
572 2163 666 2246 quasi
692 2159 789 2224 unius
816 2159 960 2223 notionis
987 2158 1118 2223 vinculo
1146 2159 1366 2233 continentur,
1398 2159 1593 2226 coniecturis

400 2261 522 2352 indulgen
545 2291 605 2352 per
626 2272 689 2352 est3
714 2271 811 2350 atque
835 2265 891 2330 illa
914 2265 1062 2350 inprimis
1087 2287 1167 2350 quas
1190 2269 1266 2330 sunt
1288 2265 1428 2331 Roaiaai
1449 2270 1594 2332 ..sacri-
1608 2289 1635 2329 ιο

399 2367 447 2447 fisi
457 2376 674 2441 correctionem
688 2395 754 2438 non
767 2374 917 2457 recipere,
934 2372 1055 2438 indicio
1070 2373 1220 2436 videntur
1232 2372 1317 2436 Livii
1331 2372 1437 2456 verba,
1456 2395 1594 2457 quorum

400 2473 501 2546 fortasse
522 2503 646 2547 memor
668 2480 731 2546 fuit
753 2481 823 2564 ipse
846 2479 1009 2545 Minucius
1033 2501 1106 2545 cum
1128 2479 1185 2544 illa
1207 2479 1362 2545 scriberet
1386 2479 1475 2566 (ΠΗ
1489 2480 1542 2564 57,
1557 2479 1593 2568 6)

400 2581 492 2651 amm
518 2609 556 2653 ec
579 2587 733 2670 fatalibus
760 2587 851 2652 libris
876 2588 1036 2669 sacrificia
1067 2587 1185 2669 aliquot
1215 2588 1472 2652 ecbamdiuaria
1497 2589 1594 2670 facta,

401 2687 457 2754 iola
472 2716 546 2777 qaae
569 2694 685 2761 Gallus
707 2701 736 2760 et
760 2693 871 2772 Galla,
901 2694 1091 2759 Graecast
1116 2692 1239 2759 Graeca
1261 2695 1297 2758 ia
1318 2695 1387 2775 foro
1410 2694 1515 2759 boario
1538 2695 1594 2760 aa

400 2799 482 2864 bum
502 2804 565 2867 cici
587 2803 717 2867 amissi
737 2807 812 2867 aiat
832 2803 868 2865 in
886 2801 986 2866 ῑααααα
1004 2821 1081 2866 saec
1099 2807 1294 2883 consaeptum
1312 2803 1378 2865 αἀαα
1398 2807 1471 2866 uate
1486 2802 1596 2867 lustiis
1691 2823 1692 2826 ¹

399 2899 524 2988 basau,
556 2911 688 2974 nimime
714 2909 859 2974 Romam
889 2928 992 2986 sacro,
1024 2908 1185 2973 imbutam.
1231 2905 1293 2971 Sed
1323 2907 1527 2973 subsistimus
1555 2932 1595 2973 ne

400 3009 468 3077 eliam
479 3013 604 3102 longius
619 3015 819 3100 abripiamur
832 3021 864 3078 et
878 3015 918 3078 ad
932 3014 1015 3079 alios
1034 3015 1205 3098 scriptores
1220 3014 1433 3097 tradueamur,
1453 3016 1595 3098 quando·

399 3116 496 3196 quidem
517 3122 595 3187 alibi
619 3143 749 3206 qnoque
771 3120 915 3185 ridemus
938 3120 1162 3186 artificiosiore
1189 3120 1401 3186 collocatione
1424 3122 1595 3186 verborum

398 3221 499 3292 mirifice
523 3251 766 3313 nonnumquam
797 3229 909 3292 doctos
940 3227 1060 3291 irretiri
1088 3231 1120 3291 et
1148 3250 1167 3291 a
1193 3249 1270 3292 vero
1298 3228 1423 3293 abduci.
1468 3225 1596 3294 Interea

399 3324 426 3391 lc
442 3328 562 3401 Minucii
584 3338 657 3401 loco
681 3338 732 3401 cui
754 3334 817 3401 hoc
840 3340 937 3420 caput
959 3333 1136 3400 dicavimus
1160 3334 1307 3400 desinant
1330 3334 1483 3400 dubitare.
1610 3362 1637 3405 so

463 3459 500 3507 vl.
518 3443 606 3519 Quas
629 3443 668 3506 de
691 3443 839 3507 incendio
863 3442 975 3507 mundi
998 3447 1203 3526 exponuntur
1225 3465 1250 3506 c.
1265 3443 1351 3526 34‚1

502 3549 641 3615 Ceteram
669 3550 708 3614 de
733 3550 877 3615 incastis
904 3550 1018 3613 maadi
1044 3554 1100 3613 cat
1126 3551 1329 3630 improvisam
1357 3553 1460 3633 ipnsm
1487 3552 1597 3615 cadas

499 3663 554 3721 aut
579 3657 723 3739 difficile,
755 3677 819 3721 non
850 3656 971 3720 aedae
998 3656 1138 3738 culparis
1165 3658 1280 3720 aroris
1306 3663 1357 3721 est.
1408 3659 1485 3739 stis
1511 3660 1595 3722 enim

499 3766 688 3846 sapiastium
715 3763 849 3845 dubitat,
875 3765 947 3845 quis
968 3766 1105 3845 ipsscrat
1132 3765 1241 3827 omnia
1263 3786 1342 3845 qaae
1363 3771 1432 3829 orta
1454 3771 1527 3830 suat
1548 3786 1596 3829 oc-

500 3870 607 3950 cidere,
629 3871 814 3952 quaefacta
830 3875 905 3934 sant
922 3869 1072 3934 interm?
1095 3870 1214 3934 meam
1232 3892 1348 3952 qaoque
1365 3891 1434 3936 arm
1452 3873 1596 3937 omnibu

442 3973 460 4037 5
499 3997 578 4058 quiae
594 3976 678 4042 cado
691 3977 894 4054 coatiaeutar,
913 3978 960 4041 ita
977 3982 1013 4041 at
1030 3979 1134 4058 coepit,
1151 3978 1182 4042 si
1200 3978 1326 4042 desierit
1341 3980 1477 4059 fontium
1496 3979 1596 4044 datcis

500 4103 583 4165 αααα
606 4086 713 4149 maria
734 4084 864 4165 nature,
886 4086 923 4148 ia
946 4085 1010 4148 cim
1033 4084 1118 4165 ipaia
1139 4084 1297 4149 wicram
1317 4084 1430 4150 Stoicis
1452 4092 1595 4150 concam

499 4191 606 4271 opinio
627 4196 680 4269 esi,
702 4190 786 4271 quod
806 4196 984 4272 mossumptc
1006 4190 1132 4255 tumore
1154 4192 1291 4256 mundus
1308 4192 1359 4255 bic
1383 4192 1486 4256 omnis
1509 4194 1595 4274 ipae-

498 4303 576 4376 scat,
608 4303 637 4361 et
659 4297 827 4380 Epicureis
857 4297 895 4361 de
916 4297 1132 4362 demoniorum
1155 4298 1397 4380 moflapratioae
1428 4305 1456 4362 ct
1482 4300 1595 4363 maadi

497 4405 595 4468 noina
618 4404 725 4468 cadesa
749 4405 819 4486 ὄρεα
841 4406 995 4469 sententia
1016 4410 1061 4469 est
1609 4427 1636 4486 ,ο

386 4523 415 4567 ce
431 4506 472 4571 ita
490 4509 759 4594 quemadmodum
778 4511 1082 4595 suprascripsimus
1101 4510 1250 4575 Halmius
1270 4512 1308 4576 de
1327 4512 1480 4597 opinione
1498 4512 1596 4578 Dom-

385 4605 453 4678 tasi
470 4616 637 4681 constituit
655 4615 854 4700 eandemque
869 4618 1155 4682 conformationem
1174 4618 1403 4683 recentissimis
1418 4618 1596 4685 editoribus

385 4718 524 4797 probarit.
565 4721 655 4799 Quae
677 4722 773 4788 nobis
796 4724 859 4788 iam
884 4724 961 4788 olim
986 4723 1188 4789 incredibilia
1211 4726 1280 4789 visa
1298 4730 1383 4807 sunt,
1405 4747 1510 4810 neque
1528 4750 1596 4792 um-

351 4842 467 4906 laquem
489 4828 616 4895 deducti
639 4852 758 4895 sumus.
804 4829 880 4894 Non
902 4830 1067 4914 loquimur
1089 4832 1128 4895 de
1147 4832 1217 4915 ipso
1242 4832 1343 4910 initio,
1367 4833 1406 4897 de
1430 4855 1494 4917 quo
1518 4837 1596 4898 satis

387 5135 426 5187 pto
443 5125 539 5181 hostiis
558 5128 602 5183 vel
621 5129 743 5183 victimis
762 5132 930 5184 mactantur.
963 5130 1019 5183 Sed
1038 5132 1106 5199 quia
1124 5132 1247 5185 bumana
1267 5132 1399 5185 dicuntur
1418 5132 1504 5185 etiam
1523 5149 1596 5199 quae

387 5204 511 5269 tonnam
523 5217 648 5272 moribus
662 5219 750 5289 digna
765 5223 839 5286 sunt,
857 5220 910 5273 hac
926 5219 1113 5289 ambiguitate
1127 5221 1248 5274 nominis
1262 5220 1362 5274 ludens
1377 5221 1447 5274 dicit
1460 5222 1597 5275 humanas

388 5298 420 5352 “l
433 5304 591 5362 Ηκιιαααα
607 5308 740 5373 uictimas,
758 5308 786 5362 b.
802 5324 825 5362 e.
845 5307 983 5363 humanae
1002 5309 1139 5377 victimas,
1159 5326 1231 5377 qnae
1251 5309 1363 5379 proprie
1383 5311 1527 5376 vocantur,
1547 5310 1596 5363 ssd

390 5399 446 5451 Μ
461 5395 560 5449 rectius
577 5395 750 5453 inhumanae
767 5400 940 5452 vocarentur.
