<?xml version="1.0" encoding="UTF-8"?>
<!DOCTYPE html PUBLIC "-//W3C//DTD XHTML 1.0 Transitional//EN"
    "http://www.w3.org/TR/xhtml1/DTD/xhtml1-transitional.dtd">
<html xmlns="http://www.w3.org/1999/xhtml" xml:lang="en" lang="en">
 <head>
  <title>
</title>
<meta http-equiv="Content-Type" content="text/html;charset=utf-8" />
  <meta name='ocr-system' content='tesseract 3.04.00' />
  <meta name='ocr-capabilities' content='ocr_page ocr_carea ocr_par ocr_line ocrx_word'/>
</head>
<body>
  <div class='ocr_page' id='page_1' title='image "./iohannisvahleni01vahlgoog/iohannisvahleni01vahlgoog_0171.png"; bbox 0 0 3925 6675; ppageno 0'>
   <div class='ocr_carea' id='block_1_1' title="bbox 414 1163 1534 1228">
    <p class='ocr_par' dir='ltr' id='par_1_1' title="bbox 414 1163 1534 1228">
     <span class='ocr_line' id='line_1_1' title="bbox 414 1163 1534 1228; baseline 0.002 -12"><span class='ocrx_word' id='word_1_1' title='bbox 414 1163 714 1216; x_wconf 74' lang='lat' dir='ltr'><strong>onsuavmouus</strong></span> <span class='ocrx_word' id='word_1_2' title='bbox 733 1164 902 1216; x_wconf 69' lang='lat' dir='ltr'><strong>cumcun</strong></span> <span class='ocrx_word' id='word_1_3' title='bbox 919 1165 960 1216; x_wconf 82' lang='lat' dir='ltr'><strong>IN</strong></span> <span class='ocrx_word' id='word_1_4' title='bbox 980 1163 1181 1216; x_wconf 82' lang='lat' dir='ltr'><strong>SOPHOCLIS</strong></span> <span class='ocrx_word' id='word_1_5' title='bbox 1217 1165 1420 1217; x_wconf 68' lang='lat' dir='ltr'><strong>uhuorum.</strong></span> <span class='ocrx_word' id='word_1_6' title='bbox 1470 1163 1534 1228; x_wconf 87' lang='grc'><strong>163</strong></span> 
     </span>
    </p>
   </div>
   <div class='ocr_carea' id='block_1_2' title="bbox 258 1323 1652 5544">
    <p class='ocr_par' dir='ltr' id='par_1_2' title="bbox 258 1323 1652 5544">
     <span class='ocr_line' id='line_1_2' title="bbox 479 1323 1534 1411; baseline 0.001 -22"><span class='ocrx_word' id='word_1_7' title='bbox 479 1326 606 1408; x_wconf 77' lang='grc' dir='ltr'><em>φύγητε</em></span> <span class='ocrx_word' id='word_1_8' title='bbox 639 1327 700 1409; x_wconf 76' lang='grc' dir='ltr'><strong>τὴν</strong></span> <span class='ocrx_word' id='word_1_9' title='bbox 734 1323 812 1408; x_wconf 81' lang='grc' dir='ltr'><strong><em>παρ’</em></strong></span> <span class='ocrx_word' id='word_1_10' title='bbox 848 1325 1040 1410; x_wconf 81' lang='grc' dir='ltr'><strong><em>ἀνθρώπων</em></strong></span> <span class='ocrx_word' id='word_1_11' title='bbox 1067 1329 1206 1390; x_wconf 76' lang='grc' dir='ltr'><strong><em>κόλασιν</em></strong></span> <span class='ocrx_word' id='word_1_12' title='bbox 1232 1344 1256 1390; x_wconf 83' lang='lat' dir='ltr'>x</span> <span class='ocrx_word' id='word_1_13' title='bbox 1279 1326 1322 1390; x_wconf 79' lang='lat'><strong>28</strong></span> <span class='ocrx_word' id='word_1_14' title='bbox 1345 1349 1376 1411; x_wconf 91' lang='lat' dir='ltr'><strong>p.</strong></span> <span class='ocrx_word' id='word_1_15' title='bbox 1399 1327 1457 1409; x_wconf 93' lang='lat'><strong>44,</strong></span> <span class='ocrx_word' id='word_1_16' title='bbox 1483 1327 1534 1390; x_wconf 76' lang='lat'><strong>22.</strong></span> 
     </span>
     <span class='ocr_line' id='line_1_3' title="bbox 479 1430 873 1516; baseline 0.003 -20"><span class='ocrx_word' id='word_1_17' title='bbox 479 1430 527 1496; x_wconf 78' lang='lat' dir='ltr'><strong>Of.</strong></span> <span class='ocrx_word' id='word_1_18' title='bbox 545 1431 697 1516; x_wconf 81' lang='lat' dir='ltr'><strong>Excerpt.</strong></span> <span class='ocrx_word' id='word_1_19' title='bbox 716 1455 748 1516; x_wconf 91' lang='lat' dir='ltr'><strong>p.</strong></span> <span class='ocrx_word' id='word_1_20' title='bbox 767 1431 873 1497; x_wconf 67' lang='lat' dir='ltr'><strong>ruta</strong></span> 
     </span>
     <span class='ocr_line' id='line_1_4' title="bbox 384 1538 1652 1625; baseline 0.001 -21"><span class='ocrx_word' id='word_1_21' title='bbox 384 1542 418 1604; x_wconf 86' lang='lat'><strong>4.</strong></span> <span class='ocrx_word' id='word_1_22' title='bbox 451 1538 620 1625; x_wconf 80' lang='lat' dir='ltr'><strong>Pergimns</strong></span> <span class='ocrx_word' id='word_1_23' title='bbox 647 1538 800 1625; x_wconf 79' lang='lat' dir='ltr'>colligere</span> <span class='ocrx_word' id='word_1_24' title='bbox 828 1540 990 1605; x_wconf 86' lang='lat' dir='ltr'><strong>minutias.</strong></span> <span class='ocrx_word' id='word_1_25' title='bbox 1031 1538 1069 1603; x_wconf 91' lang='lat' dir='ltr'><strong>In</strong></span> <span class='ocrx_word' id='word_1_26' title='bbox 1098 1541 1260 1625; x_wconf 92' lang='lat' dir='ltr'><strong>colloquio</strong></span> <span class='ocrx_word' id='word_1_27' title='bbox 1289 1541 1376 1625; x_wconf 91' lang='lat' dir='ltr'><strong>quod</strong></span> <span class='ocrx_word' id='word_1_28' title='bbox 1398 1541 1536 1605; x_wconf 89' lang='lat' dir='ltr'><strong>habetur</strong></span> <span class='ocrx_word' id='word_1_29' title='bbox 1650 1566 1652 1571; x_wconf 94' lang='lat'>·</span> 
     </span>
     <span class='ocr_line' id='line_1_5' title="bbox 292 1645 1536 1733; baseline 0.002 -23"><span class='ocrx_word' id='word_1_30' title='bbox 292 1649 380 1712; x_wconf 90' lang='lat' dir='ltr'><strong>inter</strong></span> <span class='ocrx_word' id='word_1_31' title='bbox 404 1646 568 1712; x_wconf 81' lang='lat' dir='ltr'><strong>Electram</strong></span> <span class='ocrx_word' id='word_1_32' title='bbox 596 1651 629 1710; x_wconf 91' lang='lat' dir='ltr'><strong>et</strong></span> <span class='ocrx_word' id='word_1_33' title='bbox 654 1647 805 1711; x_wconf 90' lang='lat' dir='ltr'><strong>mulieres</strong></span> <span class='ocrx_word' id='word_1_34' title='bbox 828 1645 1036 1730; x_wconf 75' lang='lat' dir='ltr'><strong>Mycenenses</strong></span> <span class='ocrx_word' id='word_1_35' title='bbox 1063 1669 1144 1731; x_wconf 91' lang='lat' dir='ltr'><strong>quae</strong></span> <span class='ocrx_word' id='word_1_36' title='bbox 1167 1647 1300 1712; x_wconf 92' lang='lat' dir='ltr'><strong>chorum</strong></span> <span class='ocrx_word' id='word_1_37' title='bbox 1323 1649 1536 1733; x_wconf 88' lang='lat' dir='ltr'><strong>constituunt,</strong></span> 
     </span>
     <span class='ocr_line' id='line_1_6' title="bbox 292 1750 1535 1840; baseline -0.001 -21"><span class='ocrx_word' id='word_1_38' title='bbox 292 1776 368 1819; x_wconf 89' lang='lat' dir='ltr'><strong>cnm</strong></span> <span class='ocrx_word' id='word_1_39' title='bbox 392 1753 434 1818; x_wconf 91' lang='lat' dir='ltr'><strong>de</strong></span> <span class='ocrx_word' id='word_1_40' title='bbox 457 1750 570 1818; x_wconf 85' lang='lat' dir='ltr'><strong>Oreste</strong></span> <span class='ocrx_word' id='word_1_41' title='bbox 593 1755 703 1840; x_wconf 82' lang='lat' dir='ltr'><strong>agitur</strong></span> <span class='ocrx_word' id='word_1_42' title='bbox 725 1758 758 1818; x_wconf 92' lang='lat' dir='ltr'><strong>et</strong></span> <span class='ocrx_word' id='word_1_43' title='bbox 781 1753 859 1837; x_wconf 89' lang='lat' dir='ltr'><strong>quid</strong></span> <span class='ocrx_word' id='word_1_44' title='bbox 882 1753 922 1818; x_wconf 90' lang='lat' dir='ltr'><strong>ab</strong></span> <span class='ocrx_word' id='word_1_45' title='bbox 946 1775 985 1819; x_wconf 89' lang='lat' dir='ltr'><strong>eo</strong></span> <span class='ocrx_word' id='word_1_46' title='bbox 1009 1755 1258 1838; x_wconf 84' lang='lat' dir='ltr'><strong>exspectandum</strong></span> <span class='ocrx_word' id='word_1_47' title='bbox 1283 1755 1334 1835; x_wconf 92' lang='lat' dir='ltr'><strong>sit,</strong></span> <span class='ocrx_word' id='word_1_48' title='bbox 1360 1755 1459 1819; x_wconf 92' lang='lat' dir='ltr'><strong>choro</strong></span> <span class='ocrx_word' id='word_1_49' title='bbox 1483 1756 1535 1818; x_wconf 92' lang='lat' dir='ltr'><strong>ad-</strong></span> 
     </span>
     <span class='ocr_line' id='line_1_7' title="bbox 292 1858 611 1947; baseline -0.003 -22"><span class='ocrx_word' id='word_1_50' title='bbox 292 1860 443 1925; x_wconf 80' lang='lat' dir='ltr'><strong>hortanti</strong></span> <span class='ocrx_word' id='word_1_51' title='bbox 466 1858 510 1947; x_wconf 88' lang='lat' dir='ltr'><strong>(v.</strong></span> <span class='ocrx_word' id='word_1_52' title='bbox 530 1860 611 1946; x_wconf 74' lang='lat'>322)</span> 
     </span>
     <span class='ocr_line' id='line_1_8' title="bbox 460 1965 1306 2052; baseline 0.001 -20"><span class='ocrx_word' id='word_1_53' title='bbox 460 1969 593 2051; x_wconf 79' lang='grc' dir='ltr'><strong><em>θάρσει·</em></strong></span> <span class='ocrx_word' id='word_1_54' title='bbox 617 1967 767 2049; x_wconf 80' lang='grc' dir='ltr'><strong><em>πέφυκεν</em></strong></span> <span class='ocrx_word' id='word_1_55' title='bbox 790 1965 927 2049; x_wconf 78' lang='grc' dir='ltr'><strong><em>ἐσθλός,</em></strong></span> <span class='ocrx_word' id='word_1_56' title='bbox 952 1966 1035 2032; x_wconf 80' lang='grc' dir='ltr'>ὥστ’</span> <span class='ocrx_word' id='word_1_57' title='bbox 1057 1967 1171 2052; x_wconf 79' lang='grc' dir='ltr'><strong><em>ἀρκεῖν</em></strong></span> <span class='ocrx_word' id='word_1_58' title='bbox 1194 1971 1306 2051; x_wconf 80' lang='grc' dir='ltr'><strong><em>φίλοις</em></strong></span> 
     </span>
     <span class='ocr_line' id='line_1_9' title="bbox 258 2073 624 2158; baseline 0.011 -24"><span class='ocrx_word' id='word_1_59' title='bbox 258 2079 276 2134; x_wconf 82' lang='lat'><em>8</em></span> <span class='ocrx_word' id='word_1_60' title='bbox 294 2073 429 2140; x_wconf 79' lang='lat' dir='ltr'><strong>Electra</strong></span> <span class='ocrx_word' id='word_1_61' title='bbox 451 2074 624 2158; x_wconf 76' lang='lat' dir='ltr'><strong>respondet</strong></span> 
     </span>
     <span class='ocr_line' id='line_1_10' title="bbox 458 2177 1196 2265; baseline -0.001 -19"><span class='ocrx_word' id='word_1_62' title='bbox 458 2179 608 2263; x_wconf 74' lang='grc' dir='ltr'><strong><em>πέποιθ’,</em></strong></span> <span class='ocrx_word' id='word_1_63' title='bbox 631 2179 702 2246; x_wconf 79' lang='grc' dir='ltr'><strong>ἐπεὶ</strong></span> <span class='ocrx_word' id='word_1_64' title='bbox 724 2180 787 2245; x_wconf 80' lang='grc' dir='ltr'><strong>τᾶν</strong></span> <span class='ocrx_word' id='word_1_65' title='bbox 809 2182 850 2246; x_wconf 87' lang='grc' dir='ltr'><strong>οὐ</strong></span> <span class='ocrx_word' id='word_1_66' title='bbox 873 2182 1004 2265; x_wconf 81' lang='grc' dir='ltr'><strong><em>μακρὰν</em></strong></span> <span class='ocrx_word' id='word_1_67' title='bbox 1026 2177 1108 2260; x_wconf 81' lang='grc' dir='ltr'><strong><em>ἔζων</em></strong></span> <span class='ocrx_word' id='word_1_68' title='bbox 1131 2180 1196 2264; x_wconf 81' lang='grc' dir='ltr'><strong>ἐγώ</strong></span> 
     </span>
     <span class='ocr_line' id='line_1_11' title="bbox 292 2287 1575 2373; baseline 0 -21"><span class='ocrx_word' id='word_1_69' title='bbox 292 2288 325 2352; x_wconf 82' lang='lat' dir='ltr'><strong>la</strong></span> <span class='ocrx_word' id='word_1_70' title='bbox 349 2311 376 2352; x_wconf 94' lang='lat' dir='ltr'><strong>e.</strong></span> <span class='ocrx_word' id='word_1_71' title='bbox 405 2287 548 2373; x_wconf 84' lang='lat' dir='ltr'><strong>confid03</strong></span> <span class='ocrx_word' id='word_1_72' title='bbox 574 2310 648 2352; x_wconf 87' lang='lat' dir='ltr'><strong>narn</strong></span> <span class='ocrx_word' id='word_1_73' title='bbox 678 2287 743 2352; x_wconf 89' lang='lat' dir='ltr'><strong>nisi</strong></span> <span class='ocrx_word' id='word_1_74' title='bbox 770 2288 963 2353; x_wconf 86' lang='lat' dir='ltr'><strong>confiderem</strong></span> <span class='ocrx_word' id='word_1_75' title='bbox 991 2309 1058 2352; x_wconf 91' lang='lat' dir='ltr'><strong>non</strong></span> <span class='ocrx_word' id='word_1_76' title='bbox 1084 2289 1223 2352; x_wconf 86' lang='lat' dir='ltr'><strong>viverem</strong></span> <span class='ocrx_word' id='word_1_77' title='bbox 1253 2288 1315 2354; x_wconf 93' lang='lat' dir='ltr'><strong>diu.</strong></span> <span class='ocrx_word' id='word_1_78' title='bbox 1353 2289 1420 2354; x_wconf 85' lang='lat' dir='ltr'><strong>Eos</strong></span> <span class='ocrx_word' id='word_1_79' title='bbox 1448 2290 1533 2354; x_wconf 89' lang='lat' dir='ltr'><strong>enim</strong></span> <span class='ocrx_word' id='word_1_80' title='bbox 1548 2313 1575 2352; x_wconf 82' lang='grc' dir='ltr'><strong>ιο</strong></span> 
     </span>
     <span class='ocr_line' id='line_1_12' title="bbox 292 2394 1534 2480; baseline 0 -19"><span class='ocrx_word' id='word_1_81' title='bbox 292 2396 374 2461; x_wconf 90' lang='lat' dir='ltr'><strong>licet</strong></span> <span class='ocrx_word' id='word_1_82' title='bbox 396 2396 548 2460; x_wconf 89' lang='lat' dir='ltr'><strong>omittere</strong></span> <span class='ocrx_word' id='word_1_83' title='bbox 571 2397 628 2479; x_wconf 91' lang='lat' dir='ltr'><strong>qui</strong></span> <span class='ocrx_word' id='word_1_84' title='bbox 649 2395 729 2460; x_wconf 91' lang='lat' dir='ltr'><strong>haec</strong></span> <span class='ocrx_word' id='word_1_85' title='bbox 746 2417 811 2459; x_wconf 90' lang='lat' dir='ltr'><strong>non</strong></span> <span class='ocrx_word' id='word_1_86' title='bbox 830 2395 869 2458; x_wconf 93' lang='lat' dir='ltr'><strong>de</strong></span> <span class='ocrx_word' id='word_1_87' title='bbox 888 2396 997 2460; x_wconf 82' lang='lat' dir='ltr'><strong>futuro</strong></span> <span class='ocrx_word' id='word_1_88' title='bbox 1017 2396 1072 2460; x_wconf 91' lang='lat' dir='ltr'><strong>sed</strong></span> <span class='ocrx_word' id='word_1_89' title='bbox 1091 2394 1130 2458; x_wconf 91' lang='lat' dir='ltr'><strong>de</strong></span> <span class='ocrx_word' id='word_1_90' title='bbox 1148 2397 1322 2479; x_wconf 89' lang='lat' dir='ltr'><strong>praeterito</strong></span> <span class='ocrx_word' id='word_1_91' title='bbox 1341 2395 1534 2480; x_wconf 75' lang='lat' dir='ltr'><strong>accipientes</strong></span> 
     </span>
     <span class='ocr_line' id='line_1_13' title="bbox 294 2501 1533 2586; baseline -0.002 -19"><span class='ocrx_word' id='word_1_92' title='bbox 294 2505 342 2567; x_wconf 84' lang='lat' dir='ltr'><strong>ita</strong></span> <span class='ocrx_word' id='word_1_93' title='bbox 370 2503 563 2568; x_wconf 89' lang='lat' dir='ltr'><strong>sententiam</strong></span> <span class='ocrx_word' id='word_1_94' title='bbox 590 2501 729 2566; x_wconf 87' lang='lat' dir='ltr'><strong>reddunt</strong></span> <span class='ocrx_word' id='word_1_95' title='bbox 756 2503 847 2586; x_wconf 89' lang='lat' dir='ltr'><strong>quasi</strong></span> <span class='ocrx_word' id='word_1_96' title='bbox 872 2502 992 2567; x_wconf 91' lang='lat' dir='ltr'><strong>diceret</strong></span> <span class='ocrx_word' id='word_1_97' title='bbox 1016 2501 1171 2586; x_wconf 83' lang='lat' dir='ltr'><strong>‘alioquin</strong></span> <span class='ocrx_word' id='word_1_98' title='bbox 1195 2524 1260 2567; x_wconf 92' lang='lat' dir='ltr'><strong>non</strong></span> <span class='ocrx_word' id='word_1_99' title='bbox 1283 2503 1433 2567; x_wconf 83' lang='lat' dir='ltr'><strong>vixissem</strong></span> <span class='ocrx_word' id='word_1_100' title='bbox 1457 2503 1533 2567; x_wconf 88' lang='lat' dir='ltr'><strong>diu’.</strong></span> 
     </span>
     <span class='ocr_line' id='line_1_14' title="bbox 292 2606 1534 2693; baseline 0 -21"><span class='ocrx_word' id='word_1_101' title='bbox 292 2606 331 2672; x_wconf 95' lang='lat' dir='ltr'><strong>Id</strong></span> <span class='ocrx_word' id='word_1_102' title='bbox 360 2608 449 2693; x_wconf 90' lang='lat' dir='ltr'><strong>quod</strong></span> <span class='ocrx_word' id='word_1_103' title='bbox 477 2613 544 2672; x_wconf 83' lang='lat' dir='ltr'><strong>tarn</strong></span> <span class='ocrx_word' id='word_1_104' title='bbox 568 2608 714 2674; x_wconf 76' lang='lat' dir='ltr'><strong>cretione</strong></span> <span class='ocrx_word' id='word_1_105' title='bbox 741 2609 812 2693; x_wconf 89' lang='lat' dir='ltr'><strong>ipsa</strong></span> <span class='ocrx_word' id='word_1_106' title='bbox 839 2609 1031 2693; x_wconf 90' lang='lat' dir='ltr'><strong>reprobatur</strong></span> <span class='ocrx_word' id='word_1_107' title='bbox 1054 2631 1150 2692; x_wconf 88' lang='lat' dir='ltr'><strong>quarn</strong></span> <span class='ocrx_word' id='word_1_108' title='bbox 1174 2609 1331 2673; x_wconf 89' lang='lat' dir='ltr'><strong>sermonis</strong></span> <span class='ocrx_word' id='word_1_109' title='bbox 1356 2611 1464 2674; x_wconf 89' lang='lat' dir='ltr'><strong>itineri</strong></span> <span class='ocrx_word' id='word_1_110' title='bbox 1487 2632 1534 2673; x_wconf 89' lang='lat' dir='ltr'><strong>re-</strong></span> 
     </span>
     <span class='ocr_line' id='line_1_15' title="bbox 294 2713 1535 2800; baseline 0.002 -22"><span class='ocrx_word' id='word_1_111' title='bbox 294 2720 430 2800; x_wconf 82' lang='lat' dir='ltr'><strong>pugnat</strong></span> <span class='ocrx_word' id='word_1_112' title='bbox 473 2713 537 2779; x_wconf 88' lang='lat' dir='ltr'><strong>Sed</strong></span> <span class='ocrx_word' id='word_1_113' title='bbox 559 2713 741 2780; x_wconf 88' lang='lat' dir='ltr'><strong>Meinekins</strong></span> <span class='ocrx_word' id='word_1_114' title='bbox 764 2715 847 2780; x_wconf 83' lang='lat' dir='ltr'><strong>falso</strong></span> <span class='ocrx_word' id='word_1_115' title='bbox 871 2716 968 2780; x_wconf 87' lang='lat' dir='ltr'><strong>scribi</strong></span> <span class='ocrx_word' id='word_1_116' title='bbox 993 2714 1068 2798; x_wconf 79' lang='grc' dir='ltr'><strong>ἐγώ,</strong></span> <span class='ocrx_word' id='word_1_117' title='bbox 1091 2717 1213 2799; x_wconf 88' lang='lat' dir='ltr'><strong>requiri</strong></span> <span class='ocrx_word' id='word_1_118' title='bbox 1236 2717 1276 2781; x_wconf 84' lang='grc' dir='ltr'><strong>οὐ</strong></span> <span class='ocrx_word' id='word_1_119' title='bbox 1300 2719 1430 2800; x_wconf 78' lang='grc' dir='ltr'><strong><em>μακρὰν</em></strong></span> <span class='ocrx_word' id='word_1_120' title='bbox 1452 2713 1535 2795; x_wconf 82' lang='grc' dir='ltr'><strong><em>ἔζων</em></strong></span> 
     </span>
     <span class='ocr_line' id='line_1_16' title="bbox 293 2819 1535 2908; baseline 0 -22"><span class='ocrx_word' id='word_1_121' title='bbox 293 2819 355 2905; x_wconf 80' lang='grc' dir='ltr'><strong><em>ἔτι,</em></strong></span> <span class='ocrx_word' id='word_1_122' title='bbox 378 2822 442 2886; x_wconf 89' lang='lat' dir='ltr'><strong>sibi</strong></span> <span class='ocrx_word' id='word_1_123' title='bbox 464 2823 634 2907; x_wconf 85' lang='lat' dir='ltr'><strong>persuasit,</strong></span> <span class='ocrx_word' id='word_1_124' title='bbox 658 2822 865 2905; x_wconf 85' lang='lat' dir='ltr'><strong>disputatque</strong></span> <span class='ocrx_word' id='word_1_125' title='bbox 888 2823 934 2886; x_wconf 87' lang='lat' dir='ltr'><strong>ita</strong></span> <span class='ocrx_word' id='word_1_126' title='bbox 956 2820 1069 2908; x_wconf 87' lang='lat' dir='ltr'><strong>(verba</strong></span> <span class='ocrx_word' id='word_1_127' title='bbox 1092 2823 1177 2886; x_wconf 90' lang='lat' dir='ltr'><strong>enim</strong></span> <span class='ocrx_word' id='word_1_128' title='bbox 1197 2822 1265 2887; x_wconf 88' lang='lat' dir='ltr'><strong>eius</strong></span> <span class='ocrx_word' id='word_1_129' title='bbox 1284 2823 1444 2887; x_wconf 85' lang='lat' dir='ltr'><strong>afferenda</strong></span> <span class='ocrx_word' id='word_1_130' title='bbox 1463 2824 1535 2907; x_wconf 89' lang='lat' dir='ltr'><strong>ipsa</strong></span> 
     </span>
     <span class='ocr_line' id='line_1_17' title="bbox 295 2926 1534 3015; baseline 0.002 -23"><span class='ocrx_word' id='word_1_131' title='bbox 295 2926 401 3015; x_wconf 89' lang='lat' dir='ltr'><strong>sunt):</strong></span> <span class='ocrx_word' id='word_1_132' title='bbox 425 2927 584 2994; x_wconf 79' lang='lat' dir='ltr'><strong>‘desidero</strong></span> <span class='ocrx_word' id='word_1_133' title='bbox 607 2927 747 3012; x_wconf 88' lang='lat' dir='ltr'><strong>aliquid&#39;</strong></span> <span class='ocrx_word' id='word_1_134' title='bbox 768 2930 875 3012; x_wconf 90' lang='lat' dir='ltr'><strong>inquit</strong></span> <span class='ocrx_word' id='word_1_135' title='bbox 898 2928 950 2992; x_wconf 81' lang='lat' dir='ltr'><strong>‘ad</strong></span> <span class='ocrx_word' id='word_1_136' title='bbox 972 2930 1127 2994; x_wconf 87' lang='lat' dir='ltr'><strong>orationis</strong></span> <span class='ocrx_word' id='word_1_137' title='bbox 1146 2930 1372 3015; x_wconf 74' lang='lat' dir='ltr'><strong>integritatem.</strong></span> <span class='ocrx_word' id='word_1_138' title='bbox 1410 2929 1534 3013; x_wconf 91' lang='lat' dir='ltr'><strong>Sopho-</strong></span> 
     </span>
     <span class='ocr_line' id='line_1_18' title="bbox 295 3032 1534 3119; baseline 0.001 -19"><span class='ocrx_word' id='word_1_139' title='bbox 295 3035 361 3100; x_wconf 85' lang='lat' dir='ltr'><strong>cles</strong></span> <span class='ocrx_word' id='word_1_140' title='bbox 385 3036 455 3099; x_wconf 89' lang='lat' dir='ltr'><strong>sine</strong></span> <span class='ocrx_word' id='word_1_141' title='bbox 478 3034 578 3099; x_wconf 93' lang='lat' dir='ltr'><strong>dubio</strong></span> <span class='ocrx_word' id='word_1_142' title='bbox 602 3037 773 3119; x_wconf 79' lang='lat' dir='ltr'><strong>scripserat</strong></span> <span class='ocrx_word' id='word_1_143' title='bbox 796 3035 837 3099; x_wconf 91' lang='grc' dir='ltr'><strong>οὐ</strong></span> <span class='ocrx_word' id='word_1_144' title='bbox 860 3036 992 3118; x_wconf 80' lang='grc' dir='ltr'><strong><em>μακρὰν</em></strong></span> <span class='ocrx_word' id='word_1_145' title='bbox 1014 3032 1096 3114; x_wconf 79' lang='grc' dir='ltr'><strong><em>ἔζων</em></strong></span> <span class='ocrx_word' id='word_1_146' title='bbox 1118 3033 1176 3100; x_wconf 81' lang='grc' dir='ltr'><strong><em>ἔτι.</em></strong></span> <span class='ocrx_word' id='word_1_147' title='bbox 1217 3034 1268 3100; x_wconf 89' lang='lat' dir='ltr'><strong>Ita</strong></span> <span class='ocrx_word' id='word_1_148' title='bbox 1286 3058 1396 3101; x_wconf 87' lang='lat' dir='ltr'><strong>onmes</strong></span> <span class='ocrx_word' id='word_1_149' title='bbox 1415 3038 1450 3100; x_wconf 94' lang='lat' dir='ltr'><strong>in</strong></span> <span class='ocrx_word' id='word_1_150' title='bbox 1468 3057 1534 3101; x_wconf 92' lang='lat' dir='ltr'><strong>om-</strong></span> 
     </span>
     <span class='ocr_line' id='line_1_19' title="bbox 293 3141 1533 3228; baseline 0 -21"><span class='ocrx_word' id='word_1_151' title='bbox 293 3142 394 3207; x_wconf 87' lang='lat' dir='ltr'><strong>nibns</strong></span> <span class='ocrx_word' id='word_1_152' title='bbox 420 3141 542 3228; x_wconf 83' lang='lat' dir='ltr'><strong>linguis</strong></span> <span class='ocrx_word' id='word_1_153' title='bbox 569 3141 755 3226; x_wconf 88' lang='lat' dir='ltr'><strong>loquuntur.</strong></span> <span class='ocrx_word' id='word_1_154' title='bbox 796 3159 856 3209; x_wconf 77' lang='grc' dir='ltr'><strong>ΕΤΙ</strong></span> <span class='ocrx_word' id='word_1_155' title='bbox 880 3146 913 3205; x_wconf 91' lang='lat' dir='ltr'><strong>et</strong></span> <span class='ocrx_word' id='word_1_156' title='bbox 934 3159 1010 3208; x_wconf 77' lang='grc' dir='ltr'><strong>ΕΙὮ</strong></span> <span class='ocrx_word' id='word_1_157' title='bbox 1037 3142 1189 3207; x_wconf 79' lang='lat' dir='ltr'><strong>facillime</strong></span> <span class='ocrx_word' id='word_1_158' title='bbox 1217 3166 1315 3207; x_wconf 90' lang='lat' dir='ltr'><strong>unum</strong></span> <span class='ocrx_word' id='word_1_159' title='bbox 1344 3165 1403 3227; x_wconf 89' lang='lat' dir='ltr'><strong>pro</strong></span> <span class='ocrx_word' id='word_1_160' title='bbox 1432 3142 1533 3208; x_wconf 84' lang='lat' dir='ltr'><strong>altaro</strong></span> 
     </span>
     <span class='ocr_line' id='line_1_20' title="bbox 292 3247 1535 3334; baseline -0.001 -21"><span class='ocrx_word' id='word_1_161' title='bbox 292 3250 483 3334; x_wconf 67' lang='lat' dir='ltr'><strong>ponuntur!</strong></span> <span class='ocrx_word' id='word_1_162' title='bbox 526 3247 614 3314; x_wconf 85' lang='lat' dir='ltr'><strong>Haec</strong></span> <span class='ocrx_word' id='word_1_163' title='bbox 641 3248 710 3332; x_wconf 88' lang='lat' dir='ltr'><strong>ille,</strong></span> <span class='ocrx_word' id='word_1_164' title='bbox 737 3249 995 3333; x_wconf 80' lang='lat' dir='ltr'><strong>scripturamque</strong></span> <span class='ocrx_word' id='word_1_165' title='bbox 1024 3249 1063 3312; x_wconf 90' lang='lat' dir='ltr'><strong>ab</strong></span> <span class='ocrx_word' id='word_1_166' title='bbox 1092 3271 1130 3314; x_wconf 88' lang='lat' dir='ltr'><strong>eo</strong></span> <span class='ocrx_word' id='word_1_167' title='bbox 1158 3250 1357 3334; x_wconf 88' lang='lat' dir='ltr'><strong>propositam</strong></span> <span class='ocrx_word' id='word_1_168' title='bbox 1384 3250 1535 3333; x_wconf 88' lang='lat' dir='ltr'><strong>probavit</strong></span> 
     </span>
     <span class='ocr_line' id='line_1_21' title="bbox 292 3355 1574 3441; baseline 0.002 -20"><span class='ocrx_word' id='word_1_169' title='bbox 292 3355 481 3440; x_wconf 81' lang='lat' dir='ltr'><strong>Nauckius,</strong></span> <span class='ocrx_word' id='word_1_170' title='bbox 513 3378 707 3441; x_wconf 87' lang='lat' dir='ltr'><strong>quamquam</strong></span> <span class='ocrx_word' id='word_1_171' title='bbox 741 3379 810 3421; x_wconf 88' lang='lat' dir='ltr'><strong>eam</strong></span> <span class='ocrx_word' id='word_1_172' title='bbox 842 3357 1058 3441; x_wconf 81' lang='lat' dir='ltr'><strong>recipiendam</strong></span> <span class='ocrx_word' id='word_1_173' title='bbox 1091 3379 1156 3421; x_wconf 90' lang='lat' dir='ltr'><strong>non</strong></span> <span class='ocrx_word' id='word_1_174' title='bbox 1189 3357 1289 3421; x_wconf 87' lang='lat' dir='ltr'><strong>duxit.</strong></span> <span class='ocrx_word' id='word_1_175' title='bbox 1332 3356 1394 3433; x_wconf 84' lang='lat' dir='ltr'><strong>Qui</strong></span> <span class='ocrx_word' id='word_1_176' title='bbox 1426 3358 1574 3423; x_wconf 80' lang='lat' dir='ltr'><strong>deditam</strong></span> 
     </span>
     <span class='ocr_line' id='line_1_22' title="bbox 294 3463 1534 3548; baseline -0.002 -18"><span class='ocrx_word' id='word_1_177' title='bbox 294 3484 394 3548; x_wconf 83' lang='lat' dir='ltr'><strong>opera</strong></span> <span class='ocrx_word' id='word_1_178' title='bbox 417 3463 578 3529; x_wconf 75' lang='lat' dir='ltr'><strong>refelleret</strong></span> <span class='ocrx_word' id='word_1_179' title='bbox 599 3463 748 3529; x_wconf 90' lang='lat' dir='ltr'><strong>novimus</strong></span> <span class='ocrx_word' id='word_1_180' title='bbox 772 3465 934 3528; x_wconf 90' lang='lat' dir='ltr'><strong>neminem</strong></span> <span class='ocrx_word' id='word_1_181' title='bbox 953 3468 986 3528; x_wconf 90' lang='lat' dir='ltr'><strong>et</strong></span> <span class='ocrx_word' id='word_1_182' title='bbox 1005 3463 1044 3528; x_wconf 89' lang='lat' dir='ltr'><strong>ab</strong></span> <span class='ocrx_word' id='word_1_183' title='bbox 1064 3465 1104 3527; x_wconf 92' lang='lat' dir='ltr'><strong>iis</strong></span> <span class='ocrx_word' id='word_1_184' title='bbox 1124 3464 1179 3547; x_wconf 90' lang='lat' dir='ltr'><strong>qui</strong></span> <span class='ocrx_word' id='word_1_185' title='bbox 1199 3466 1382 3529; x_wconf 87' lang='lat' dir='ltr'><strong>criticorum</strong></span> <span class='ocrx_word' id='word_1_186' title='bbox 1403 3466 1534 3529; x_wconf 88' lang='lat' dir='ltr'><strong>inventa</strong></span> 
     </span>
     <span class='ocr_line' id='line_1_23' title="bbox 294 3569 1533 3656; baseline -0.002 -21"><span class='ocrx_word' id='word_1_187' title='bbox 294 3569 456 3656; x_wconf 80' lang='lat' dir='ltr'><strong>colligunt</strong></span> <span class='ocrx_word' id='word_1_188' title='bbox 483 3572 708 3636; x_wconf 81' lang='lat' dir='ltr'><strong>circumfertur</strong></span> <span class='ocrx_word' id='word_1_189' title='bbox 734 3576 771 3635; x_wconf 90' lang='lat' dir='ltr'><strong>ut</strong></span> <span class='ocrx_word' id='word_1_190' title='bbox 801 3593 883 3655; x_wconf 87' lang='lat' dir='ltr'><strong>quae</strong></span> <span class='ocrx_word' id='word_1_191' title='bbox 911 3593 988 3635; x_wconf 89' lang='lat' dir='ltr'><strong>vera</strong></span> <span class='ocrx_word' id='word_1_192' title='bbox 1014 3593 1082 3635; x_wconf 88' lang='lat' dir='ltr'><strong>esse</strong></span> <span class='ocrx_word' id='word_1_193' title='bbox 1110 3573 1222 3655; x_wconf 89' lang='lat' dir='ltr'><strong>possit.</strong></span> <span class='ocrx_word' id='word_1_194' title='bbox 1268 3571 1318 3636; x_wconf 89' lang='lat' dir='ltr'><strong>De</strong></span> <span class='ocrx_word' id='word_1_195' title='bbox 1345 3592 1410 3635; x_wconf 92' lang='lat' dir='ltr'><strong>uno</strong></span> <span class='ocrx_word' id='word_1_196' title='bbox 1438 3593 1533 3635; x_wconf 88' lang='lat' dir='ltr'><strong>versu</strong></span> 
     </span>
     <span class='ocr_line' id='line_1_24' title="bbox 294 3676 1532 3763; baseline -0.001 -21"><span class='ocrx_word' id='word_1_197' title='bbox 294 3676 445 3743; x_wconf 74' lang='lat' dir='ltr'><strong>Electrae</strong></span> <span class='ocrx_word' id='word_1_198' title='bbox 463 3678 490 3742; x_wconf 88' lang='lat' dir='ltr'><strong>si</strong></span> <span class='ocrx_word' id='word_1_199' title='bbox 510 3684 668 3763; x_wconf 77' lang='lat' dir='ltr'><strong>ageretur,</strong></span> <span class='ocrx_word' id='word_1_200' title='bbox 690 3701 758 3742; x_wconf 90' lang='lat' dir='ltr'><strong>non</strong></span> <span class='ocrx_word' id='word_1_201' title='bbox 776 3683 861 3743; x_wconf 89' lang='lat' dir='ltr'><strong>esset</strong></span> <span class='ocrx_word' id='word_1_202' title='bbox 879 3678 966 3762; x_wconf 93' lang='lat' dir='ltr'><strong>quod</strong></span> <span class='ocrx_word' id='word_1_203' title='bbox 985 3680 1088 3742; x_wconf 87' lang='lat' dir='ltr'><strong>mults</strong></span> <span class='ocrx_word' id='word_1_204' title='bbox 1105 3680 1322 3762; x_wconf 82' lang='lat' dir='ltr'><strong>loqueremur3</strong></span> <span class='ocrx_word' id='word_1_205' title='bbox 1344 3700 1419 3742; x_wconf 89' lang='lat' dir='ltr'><strong>nam</strong></span> <span class='ocrx_word' id='word_1_206' title='bbox 1438 3700 1532 3741; x_wconf 89' lang='lat' dir='ltr'><strong>nemo</strong></span> 
     </span>
     <span class='ocr_line' id='line_1_25' title="bbox 294 3782 1532 3870; baseline -0.001 -22"><span class='ocrx_word' id='word_1_207' title='bbox 294 3784 468 3869; x_wconf 82' lang='lat' dir='ltr'><strong>dubitabit,</strong></span> <span class='ocrx_word' id='word_1_208' title='bbox 491 3785 571 3869; x_wconf 91' lang='lat' dir='ltr'><strong>quin</strong></span> <span class='ocrx_word' id='word_1_209' title='bbox 593 3782 642 3850; x_wconf 81' lang='grc' dir='ltr'><strong>ἔτι</strong></span> <span class='ocrx_word' id='word_1_210' title='bbox 665 3790 751 3850; x_wconf 88' lang='lat' dir='ltr'><strong>recte</strong></span> <span class='ocrx_word' id='word_1_211' title='bbox 774 3786 870 3850; x_wconf 92' lang='lat' dir='ltr'><strong>scribi</strong></span> <span class='ocrx_word' id='word_1_212' title='bbox 894 3787 1046 3870; x_wconf 87' lang='lat' dir='ltr'><strong>potuerit,</strong></span> <span class='ocrx_word' id='word_1_213' title='bbox 1070 3806 1265 3869; x_wconf 87' lang='lat' dir='ltr'><strong>quamquam</strong></span> <span class='ocrx_word' id='word_1_214' title='bbox 1288 3785 1339 3849; x_wconf 92' lang='lat' dir='ltr'><strong>vel</strong></span> <span class='ocrx_word' id='word_1_215' title='bbox 1358 3786 1403 3848; x_wconf 91' lang='lat' dir='ltr'><strong>sic</strong></span> <span class='ocrx_word' id='word_1_216' title='bbox 1423 3785 1532 3868; x_wconf 88' lang='lat' dir='ltr'><strong>quaeri</strong></span> 
     </span>
     <span class='ocr_line' id='line_1_26' title="bbox 293 3890 1533 3977; baseline -0.002 -21"><span class='ocrx_word' id='word_1_217' title='bbox 293 3896 425 3977; x_wconf 90' lang='lat' dir='ltr'><strong>poterat</strong></span> <span class='ocrx_word' id='word_1_218' title='bbox 451 3890 516 3975; x_wconf 78' lang='grc' dir='ltr'><strong>ἐγὼ</strong></span> <span class='ocrx_word' id='word_1_219' title='bbox 545 3914 609 3975; x_wconf 93' lang='lat' dir='ltr'><strong>quo</strong></span> <span class='ocrx_word' id='word_1_220' title='bbox 637 3893 706 3955; x_wconf 91' lang='lat' dir='ltr'><strong>iure</strong></span> <span class='ocrx_word' id='word_1_221' title='bbox 728 3897 920 3977; x_wconf 90' lang='lat' dir='ltr'><strong>mutaretur,</strong></span> <span class='ocrx_word' id='word_1_222' title='bbox 950 3893 1037 3976; x_wconf 92' lang='lat' dir='ltr'><strong>quod</strong></span> <span class='ocrx_word' id='word_1_223' title='bbox 1061 3893 1197 3957; x_wconf 85' lang='lat' dir='ltr'><strong>fortasse</strong></span> <span class='ocrx_word' id='word_1_224' title='bbox 1220 3893 1337 3957; x_wconf 82' lang='lat' dir='ltr'><strong>falsum</strong></span> <span class='ocrx_word' id='word_1_225' title='bbox 1360 3912 1425 3955; x_wconf 93' lang='lat' dir='ltr'><strong>non</strong></span> <span class='ocrx_word' id='word_1_226' title='bbox 1449 3896 1533 3956; x_wconf 89' lang='lat' dir='ltr'><strong>esset</strong></span> 
     </span>
     <span class='ocr_line' id='line_1_27' title="bbox 294 3997 1531 4083; baseline -0.002 -19"><span class='ocrx_word' id='word_1_227' title='bbox 294 4004 326 4064; x_wconf 86' lang='lat' dir='ltr'><strong>ct</strong></span> <span class='ocrx_word' id='word_1_228' title='bbox 349 4022 371 4063; x_wconf 88' lang='lat' dir='ltr'><strong>a</strong></span> <span class='ocrx_word' id='word_1_229' title='bbox 392 4004 490 4083; x_wconf 84' lang='lat' dir='ltr'><strong>poeta</strong></span> <span class='ocrx_word' id='word_1_230' title='bbox 513 4000 700 4083; x_wconf 88' lang='lat' dir='ltr'><strong>praelatum.</strong></span> <span class='ocrx_word' id='word_1_231' title='bbox 742 3997 805 4063; x_wconf 86' lang='lat' dir='ltr'><strong>Sed</strong></span> <span class='ocrx_word' id='word_1_232' title='bbox 829 4021 893 4082; x_wconf 92' lang='lat' dir='ltr'><strong>qua</strong></span> <span class='ocrx_word' id='word_1_233' title='bbox 915 4000 1040 4064; x_wconf 89' lang='lat' dir='ltr'><strong>ratione</strong></span> <span class='ocrx_word' id='word_1_234' title='bbox 1064 3999 1244 4063; x_wconf 80' lang='lat' dir='ltr'><strong>Meinekins</strong></span> <span class='ocrx_word' id='word_1_235' title='bbox 1268 4022 1286 4061; x_wconf 89' lang='lat' dir='ltr'><strong>a</strong></span> <span class='ocrx_word' id='word_1_236' title='bbox 1310 4021 1343 4063; x_wconf 92' lang='lat' dir='ltr'><strong>se</strong></span> <span class='ocrx_word' id='word_1_237' title='bbox 1367 4000 1531 4062; x_wconf 89' lang='lat' dir='ltr'><strong>inventum</strong></span> 
     </span>
     <span class='ocr_line' id='line_1_28' title="bbox 294 4103 1532 4189; baseline -0.003 -18"><span class='ocrx_word' id='word_1_238' title='bbox 294 4103 344 4171; x_wconf 83' lang='grc' dir='ltr'><strong>ἔτι</strong></span> <span class='ocrx_word' id='word_1_239' title='bbox 369 4105 532 4170; x_wconf 85' lang='lat' dir='ltr'><strong>firmatum</strong></span> <span class='ocrx_word' id='word_1_240' title='bbox 555 4106 616 4169; x_wconf 93' lang='lat' dir='ltr'><strong>ivit</strong></span> <span class='ocrx_word' id='word_1_241' title='bbox 638 4128 710 4170; x_wconf 84' lang='lat' dir='ltr'><strong>cunr</strong></span> <span class='ocrx_word' id='word_1_242' title='bbox 734 4106 855 4170; x_wconf 91' lang='lat' dir='ltr'><strong>diceret</strong></span> <span class='ocrx_word' id='word_1_243' title='bbox 877 4107 924 4169; x_wconf 89' lang='lat' dir='ltr'><strong>ita</strong></span> <span class='ocrx_word' id='word_1_244' title='bbox 942 4128 1054 4170; x_wconf 87' lang='lat' dir='ltr'><strong>omnes</strong></span> <span class='ocrx_word' id='word_1_245' title='bbox 1073 4107 1107 4170; x_wconf 92' lang='lat' dir='ltr'><strong>in</strong></span> <span class='ocrx_word' id='word_1_246' title='bbox 1126 4106 1275 4171; x_wconf 89' lang='lat' dir='ltr'><strong>omnibus</strong></span> <span class='ocrx_word' id='word_1_247' title='bbox 1294 4106 1414 4189; x_wconf 80' lang='lat' dir='ltr'><strong>linguis</strong></span> <span class='ocrx_word' id='word_1_248' title='bbox 1432 4105 1532 4188; x_wconf 92' lang='lat' dir='ltr'><strong>loqui,</strong></span> 
     </span>
     <span class='ocr_line' id='line_1_29' title="bbox 292 4212 1534 4296; baseline -0.002 -18"><span class='ocrx_word' id='word_1_249' title='bbox 292 4214 326 4278; x_wconf 92' lang='lat' dir='ltr'><strong>id</strong></span> <span class='ocrx_word' id='word_1_250' title='bbox 344 4213 396 4278; x_wconf 92' lang='lat' dir='ltr'><strong>illi</strong></span> <span class='ocrx_word' id='word_1_251' title='bbox 415 4214 660 4296; x_wconf 85' lang='lat' dir='ltr'><strong>exploratumne</strong></span> <span class='ocrx_word' id='word_1_252' title='bbox 674 4212 781 4296; x_wconf 84' lang='lat' dir='ltr'><strong>fuerit,</strong></span> <span class='ocrx_word' id='word_1_253' title='bbox 800 4235 840 4277; x_wconf 89' lang='lat' dir='ltr'><strong>an</strong></span> <span class='ocrx_word' id='word_1_254' title='bbox 855 4214 993 4277; x_wconf 86' lang='lat' dir='ltr'><strong>fortasse</strong></span> <span class='ocrx_word' id='word_1_255' title='bbox 1008 4218 1137 4291; x_wconf 81' lang='lat' dir='ltr'><strong>temere,</strong></span> <span class='ocrx_word' id='word_1_256' title='bbox 1155 4217 1192 4276; x_wconf 93' lang='lat' dir='ltr'><strong>ut</strong></span> <span class='ocrx_word' id='word_1_257' title='bbox 1205 4212 1302 4275; x_wconf 90' lang='lat' dir='ltr'><strong>nimis</strong></span> <span class='ocrx_word' id='word_1_258' title='bbox 1318 4233 1412 4295; x_wconf 88' lang='lat' dir='ltr'><strong>saepe</strong></span> <span class='ocrx_word' id='word_1_259' title='bbox 1427 4213 1534 4276; x_wconf 91' lang='lat' dir='ltr'><strong>solent</strong></span> 
     </span>
     <span class='ocr_line' id='line_1_30' title="bbox 293 4318 1533 4406; baseline -0.002 -21"><span class='ocrx_word' id='word_1_260' title='bbox 293 4320 409 4397; x_wconf 82' lang='lat' dir='ltr'><strong>critici,</strong></span> <span class='ocrx_word' id='word_1_261' title='bbox 424 4340 496 4383; x_wconf 90' lang='lat' dir='ltr'><strong>cum</strong></span> <span class='ocrx_word' id='word_1_262' title='bbox 510 4319 574 4384; x_wconf 90' lang='lat' dir='ltr'><strong>sibi</strong></span> <span class='ocrx_word' id='word_1_263' title='bbox 583 4319 679 4383; x_wconf 89' lang='lat' dir='ltr'><strong>fidem</strong></span> <span class='ocrx_word' id='word_1_264' title='bbox 689 4318 800 4383; x_wconf 88' lang='lat' dir='ltr'><strong>haberi</strong></span> <span class='ocrx_word' id='word_1_265' title='bbox 812 4318 933 4402; x_wconf 84' lang='lat' dir='ltr'><strong>volunt,</strong></span> <span class='ocrx_word' id='word_1_266' title='bbox 948 4321 1147 4406; x_wconf 82' lang='lat' dir='ltr'><strong>incognitam</strong></span> <span class='ocrx_word' id='word_1_267' title='bbox 1158 4342 1224 4383; x_wconf 90' lang='lat' dir='ltr'><strong>rem</strong></span> <span class='ocrx_word' id='word_1_268' title='bbox 1234 4318 1461 4403; x_wconf 70' lang='lat' dir='ltr'><strong>pronuntiarit,</strong></span> <span class='ocrx_word' id='word_1_269' title='bbox 1470 4318 1533 4383; x_wconf 91' lang='lat' dir='ltr'><strong>hoc</strong></span> 
     </span>
     <span class='ocr_line' id='line_1_31' title="bbox 292 4423 1572 4510; baseline 0.002 -18"><span class='ocrx_word' id='word_1_270' title='bbox 292 4447 370 4492; x_wconf 86' lang='lat' dir='ltr'><strong>oum</strong></span> <span class='ocrx_word' id='word_1_271' title='bbox 387 4447 465 4491; x_wconf 87' lang='lat' dir='ltr'><strong>cura</strong></span> <span class='ocrx_word' id='word_1_272' title='bbox 484 4426 665 4509; x_wconf 86' lang='lat' dir='ltr'><strong>quaesitam</strong></span> <span class='ocrx_word' id='word_1_273' title='bbox 684 4427 788 4509; x_wconf 88' lang='lat' dir='ltr'><strong>possit</strong></span> <span class='ocrx_word' id='word_1_274' title='bbox 806 4426 929 4510; x_wconf 89' lang='lat' dir='ltr'><strong>aliquid</strong></span> <span class='ocrx_word' id='word_1_275' title='bbox 949 4428 1046 4490; x_wconf 87' lang='lat' dir='ltr'><strong>etiam</strong></span> <span class='ocrx_word' id='word_1_276' title='bbox 1065 4426 1151 4491; x_wconf 89' lang='lat' dir='ltr'><strong>ultra</strong></span> <span class='ocrx_word' id='word_1_277' title='bbox 1168 4448 1296 4491; x_wconf 88' lang='lat' dir='ltr'><strong>versum</strong></span> <span class='ocrx_word' id='word_1_278' title='bbox 1316 4423 1531 4509; x_wconf 83' lang='lat' dir='ltr'><strong>Sophocleum</strong></span> <span class='ocrx_word' id='word_1_279' title='bbox 1546 4457 1572 4495; x_wconf 79' lang='lat' dir='ltr'><strong>ao</strong></span> 
     </span>
     <span class='ocr_line' id='line_1_32' title="bbox 292 4531 1531 4617; baseline -0.003 -18"><span class='ocrx_word' id='word_1_280' title='bbox 292 4532 448 4599; x_wconf 86' lang='lat' dir='ltr'><strong>utilitatis</strong></span> <span class='ocrx_word' id='word_1_281' title='bbox 461 4532 590 4597; x_wconf 88' lang='lat' dir='ltr'><strong>habere.</strong></span> <span class='ocrx_word' id='word_1_282' title='bbox 612 4531 682 4596; x_wconf 89' lang='lat' dir='ltr'><strong>Nos</strong></span> <span class='ocrx_word' id='word_1_283' title='bbox 691 4555 795 4617; x_wconf 88' lang='lat' dir='ltr'><strong>pauca</strong></span> <span class='ocrx_word' id='word_1_284' title='bbox 804 4534 990 4617; x_wconf 89' lang='lat' dir='ltr'><strong>promimus.</strong></span> <span class='ocrx_word' id='word_1_285' title='bbox 1015 4532 1531 4617; x_wconf 88' lang='lat' dir='ltr'><strong>Itaquevidcmusincontrariam</strong></span> 
     </span>
     <span class='ocr_line' id='line_1_33' title="bbox 291 4637 1529 4726; baseline -0.002 -21"><span class='ocrx_word' id='word_1_286' title='bbox 291 4644 421 4726; x_wconf 82' lang='lat' dir='ltr'><strong>partem</strong></span> <span class='ocrx_word' id='word_1_287' title='bbox 444 4639 585 4704; x_wconf 88' lang='lat' dir='ltr'><strong>iudicare</strong></span> <span class='ocrx_word' id='word_1_288' title='bbox 608 4639 721 4703; x_wconf 92' lang='lat' dir='ltr'><strong>doctos</strong></span> <span class='ocrx_word' id='word_1_289' title='bbox 740 4640 774 4703; x_wconf 94' lang='lat' dir='ltr'><strong>in</strong></span> <span class='ocrx_word' id='word_1_290' title='bbox 793 4660 888 4703; x_wconf 89' lang='lat' dir='ltr'><strong>versu</strong></span> <span class='ocrx_word' id='word_1_291' title='bbox 908 4637 1098 4724; x_wconf 90' lang='lat' dir='ltr'><strong>Supplicum</strong></span> <span class='ocrx_word' id='word_1_292' title='bbox 1116 4640 1191 4703; x_wconf 74' lang='lat'><strong>454.</strong></span> <span class='ocrx_word' id='word_1_293' title='bbox 1235 4638 1420 4720; x_wconf 79' lang='lat' dir='ltr'><strong>(lumenim</strong></span> <span class='ocrx_word' id='word_1_294' title='bbox 1439 4638 1529 4703; x_wconf 85' lang='lat' dir='ltr'><strong>Euri·</strong></span> 
     </span>
     <span class='ocr_line' id='line_1_34' title="bbox 290 4744 1532 4833; baseline -0.002 -21"><span class='ocrx_word' id='word_1_295' title='bbox 290 4747 400 4833; x_wconf 82' lang='lat' dir='ltr'><strong>pides,</strong></span> <span class='ocrx_word' id='word_1_296' title='bbox 428 4745 455 4810; x_wconf 89' lang='lat' dir='ltr'><strong>si</strong></span> <span class='ocrx_word' id='word_1_297' title='bbox 479 4746 576 4810; x_wconf 85' lang='lat' dir='ltr'><strong>fidem</strong></span> <span class='ocrx_word' id='word_1_298' title='bbox 603 4744 759 4809; x_wconf 88' lang='lat' dir='ltr'><strong>librorum</strong></span> <span class='ocrx_word' id='word_1_299' title='bbox 784 4747 961 4829; x_wconf 87' lang='lat' dir='ltr'><strong>sequimur,</strong></span> <span class='ocrx_word' id='word_1_300' title='bbox 989 4746 1113 4811; x_wconf 85' lang='lat' dir='ltr'><strong>Thesea</strong></span> <span class='ocrx_word' id='word_1_301' title='bbox 1136 4748 1181 4809; x_wconf 91' lang='lat' dir='ltr'><strong>ita</strong></span> <span class='ocrx_word' id='word_1_302' title='bbox 1204 4747 1420 4831; x_wconf 87' lang='lat' dir='ltr'><strong>disputantem</strong></span> <span class='ocrx_word' id='word_1_303' title='bbox 1444 4746 1532 4826; x_wconf 86' lang='lat' dir='ltr'><strong>facit,</strong></span> 
     </span>
     <span class='ocr_line' id='line_1_35' title="bbox 341 4848 1308 4934; baseline 0 -16"><span class='ocrx_word' id='word_1_304' title='bbox 341 4853 413 4918; x_wconf 81' lang='lat'><strong>450</strong></span> <span class='ocrx_word' id='word_1_305' title='bbox 460 4858 603 4917; x_wconf 80' lang='grc' dir='ltr'><strong><em>κτᾶσθαι</em></strong></span> <span class='ocrx_word' id='word_1_306' title='bbox 628 4848 664 4916; x_wconf 69' lang='grc' dir='ltr'><strong>δὲ</strong></span> <span class='ocrx_word' id='word_1_307' title='bbox 687 4857 836 4916; x_wconf 75' lang='grc' dir='ltr'><strong><em>πλοῦτον</em></strong></span> <span class='ocrx_word' id='word_1_308' title='bbox 859 4854 912 4917; x_wconf 77' lang='grc' dir='ltr'><strong>καὶ</strong></span> <span class='ocrx_word' id='word_1_309' title='bbox 937 4856 1014 4934; x_wconf 85' lang='grc' dir='ltr'><strong><em>βίον</em></strong></span> <span class='ocrx_word' id='word_1_310' title='bbox 1036 4856 1071 4917; x_wconf 84' lang='grc' dir='ltr'><strong>τί</strong></span> <span class='ocrx_word' id='word_1_311' title='bbox 1092 4855 1142 4917; x_wconf 76' lang='lat' dir='ltr'><strong>dat</strong></span> <span class='ocrx_word' id='word_1_312' title='bbox 1165 4852 1308 4933; x_wconf 78' lang='grc' dir='ltr'><strong><em>τέκνοις,</em></strong></span> 
     </span>
     <span class='ocr_line' id='line_1_36' title="bbox 457 4958 1181 5046; baseline 0.003 -23"><span class='ocrx_word' id='word_1_313' title='bbox 457 4958 503 5035; x_wconf 78' lang='grc' dir='ltr'><strong>ὡς</strong></span> <span class='ocrx_word' id='word_1_314' title='bbox 525 4967 570 5045; x_wconf 80' lang='grc' dir='ltr'><strong>τῷ</strong></span> <span class='ocrx_word' id='word_1_315' title='bbox 589 4959 743 5046; x_wconf 80' lang='grc' dir='ltr'><strong><em>τυράννῳ</em></strong></span> <span class='ocrx_word' id='word_1_316' title='bbox 766 4958 891 5024; x_wconf 80' lang='grc' dir='ltr'><strong><em>πλείον’</em></strong></span> <span class='ocrx_word' id='word_1_317' title='bbox 920 4959 1067 5045; x_wconf 74' lang='grc' dir='ltr'><strong><em>ἐκμοχθῇ</em></strong></span> <span class='ocrx_word' id='word_1_318' title='bbox 1090 4962 1181 5042; x_wconf 81' lang='grc' dir='ltr'><strong><em>βίον,</em></strong></span> 
     </span>
     <span class='ocr_line' id='line_1_37' title="bbox 458 5064 1209 5150; baseline 0.003 -21"><span class='ocrx_word' id='word_1_319' title='bbox 458 5064 478 5148; x_wconf 77' lang='grc' dir='ltr'><strong><em>ἢ</em></strong></span> <span class='ocrx_word' id='word_1_320' title='bbox 501 5066 725 5150; x_wconf 76' lang='grc' dir='ltr'><strong><em>παρθενεύειν</em></strong></span> <span class='ocrx_word' id='word_1_321' title='bbox 747 5067 867 5142; x_wconf 78' lang='grc' dir='ltr'><em>παῖδας</em></span> <span class='ocrx_word' id='word_1_322' title='bbox 890 5064 926 5131; x_wconf 80' lang='grc' dir='ltr'><strong>ἐν</strong></span> <span class='ocrx_word' id='word_1_323' title='bbox 951 5068 1065 5147; x_wconf 81' lang='grc' dir='ltr'><strong><em>δόμοις</em></strong></span> <span class='ocrx_word' id='word_1_324' title='bbox 1087 5073 1209 5150; x_wconf 78' lang='grc' dir='ltr'><strong><em>καλῶς,</em></strong></span> 
     </span>
     <span class='ocr_line' id='line_1_38' title="bbox 458 5171 1186 5258; baseline 0 -22"><span class='ocrx_word' id='word_1_325' title='bbox 458 5174 600 5257; x_wconf 82' lang='grc' dir='ltr'><strong><em>τερπνὰς</em></strong></span> <span class='ocrx_word' id='word_1_326' title='bbox 622 5173 800 5255; x_wconf 75' lang='grc' dir='ltr'><strong><em>τυράννοις</em></strong></span> <span class='ocrx_word' id='word_1_327' title='bbox 823 5171 961 5255; x_wconf 78' lang='grc' dir='ltr'><strong><em>ἡδονάς,</em></strong></span> <span class='ocrx_word' id='word_1_328' title='bbox 986 5173 1066 5237; x_wconf 79' lang='grc' dir='ltr'><strong><em>ὅταν</em></strong></span> <span class='ocrx_word' id='word_1_329' title='bbox 1089 5174 1186 5258; x_wconf 63' lang='grc' dir='ltr'><strong><em>θέλῃ,</em></strong></span> 
     </span>
     <span class='ocr_line' id='line_1_39' title="bbox 458 5276 1178 5368; baseline 0 -25"><span class='ocrx_word' id='word_1_330' title='bbox 458 5278 587 5363; x_wconf 78' lang='grc' dir='ltr'><strong><em>δάκρυα</em></strong></span> <span class='ocrx_word' id='word_1_331' title='bbox 610 5277 641 5344; x_wconf 84' lang='lat' dir='ltr'><strong>d&#39;</strong></span> <span class='ocrx_word' id='word_1_332' title='bbox 669 5276 891 5362; x_wconf 81' lang='grc' dir='ltr'><strong><em>ἑτοιμάζουσι;</em></strong></span> <span class='ocrx_word' id='word_1_333' title='bbox 913 5282 961 5364; x_wconf 81' lang='grc' dir='ltr'><strong>μὴ</strong></span> <span class='ocrx_word' id='word_1_334' title='bbox 987 5278 1082 5368; x_wconf 75' lang='grc' dir='ltr'><strong><em>ζῴην</em></strong></span> <span class='ocrx_word' id='word_1_335' title='bbox 1105 5276 1178 5363; x_wconf 80' lang='grc' dir='ltr'><strong><em>ἔτι,</em></strong></span> 
     </span>
     <span class='ocr_line' id='line_1_40' title="bbox 335 5385 1164 5473; baseline 0 -22"><span class='ocrx_word' id='word_1_336' title='bbox 335 5386 407 5452; x_wconf 80' lang='grc'><strong>455</strong></span> <span class='ocrx_word' id='word_1_337' title='bbox 455 5387 485 5450; x_wconf 79' lang='lat' dir='ltr'><strong>al</strong></span> <span class='ocrx_word' id='word_1_338' title='bbox 507 5386 590 5469; x_wconf 79' lang='grc' dir='ltr'><strong>τάμὰ</strong></span> <span class='ocrx_word' id='word_1_339' title='bbox 614 5385 712 5451; x_wconf 78' lang='grc' dir='ltr'><strong><em>τέκνα</em></strong></span> <span class='ocrx_word' id='word_1_340' title='bbox 736 5387 819 5468; x_wconf 80' lang='grc' dir='ltr'><strong><em>πρὸς</em></strong></span> <span class='ocrx_word' id='word_1_341' title='bbox 841 5388 920 5468; x_wconf 78' lang='grc' dir='ltr'><strong><em>βίον</em></strong></span> <span class='ocrx_word' id='word_1_342' title='bbox 943 5388 1164 5473; x_wconf 79' lang='grc' dir='ltr'><strong><em>νυμφεύεται,</em></strong></span> 
     </span>
     <span class='ocr_line' id='line_1_41' title="bbox 1261 5492 1315 5544; baseline 0.019 -1"><span class='ocrx_word' id='word_1_343' title='bbox 1261 5492 1315 5544; x_wconf 80' lang='grc'><strong>11*</strong></span> 
     </span>
    </p>
   </div>
   <div class='ocr_carea' id='block_1_3' title="bbox 0 0 1968 6675">
    <p class='ocr_par' dir='ltr' id='par_1_3' title="bbox 0 0 1968 6675">
     <span class='ocr_line' id='line_1_42' title="bbox 0 0 1968 6675; baseline 0 0"><span class='ocrx_word' id='word_1_344' title='bbox 0 0 1968 6675; x_wconf 95' lang='lat' dir='ltr'><strong> </strong></span> 
     </span>
    </p>
   </div>
  </div>
 </body>
</html>
