3925 6675
421 2056 550 2130 XLIIL
578 2056 750 2130 INDEX
777 2054 1094 2130 LECTIONUM
1121 2056 1468 2131 AESTIVARUM
1497 2058 1593 2129 1896.

352 2235 373 2292 8
481 2231 525 2297 Μ,
544 2229 657 2297 Cicero
685 2232 779 2298 initio
806 2233 896 2298 tertii
923 2231 962 2296 de
989 2232 1116 2318 legibus
1145 2231 1258 2298 scribit
1286 2229 1426 2316 ‘Sequar
1453 2231 1554 2317 igitur
1580 2230 1625 2294 di·

388 2341 502 2404 vinum
525 2339 619 2404 illum
642 2338 749 2403 virum
772 2361 869 2425 quem
893 2339 1032 2424 quadam
1055 2339 1268 2404 admiratione
1292 2342 1472 2403 commotus
1496 2338 1625 2422 saepius

391 2446 526 2511 fortasse
548 2446 646 2510 laudo
670 2467 767 2530 quam
790 2467 919 2512 necesse
942 2446 1010 2510 est’
1049 2443 1110 2510 oui
1128 2445 1258 2512 Atticus
1278 2445 1458 2510 ‘Platonem
1477 2445 1626 2511 videlicet

394 2553 492 2618 dicis'
528 2551 588 2618 Ille
607 2574 683 2618 vero
702 2551 818 2618 ‘Istum
837 2553 953 2636 ipsum,
971 2551 1102 2618 Attice!
1133 2551 1204 2617 Nos
1223 2574 1352 2637 quoque
1371 2574 1542 2636 sequemur
1558 2573 1626 2616 non

395 2658 558 2725 Platonem
588 2661 643 2726 sad
668 2658 868 2745 Ciceronem,
894 2664 932 2724 ut
958 2660 1172 2725 admiratione
1199 2660 1354 2725 commoti
1378 2682 1473 2744 quem
1498 2660 1625 2743 saepius

398 2767 457 2831 iam
478 2767 541 2832 hoc
563 2767 637 2833 loco
660 2767 876 2850 laudavimus,
904 2766 1125 2832 adulescentes
1148 2766 1325 2849 adhortati,
1348 2788 1487 2850 quorum
1510 2765 1626 2830 studiis

399 2872 471 2938 haec
492 2896 573 2958 quae
596 2874 768 2940 scribimus
791 2873 1081 2956 accommodamus,
1104 2877 1140 2937 ut
1163 2896 1203 2938 ne
1222 2873 1409 2938 omitterent
1427 2873 1625 2958 incompara-

401 2979 489 3045 bilem
516 2980 663 3046 Platonis
693 2985 794 3045 artem
823 2984 856 3044 et
882 2979 1101 3045 urbanitatem
1129 2981 1274 3064 impensa
1302 3001 1400 3064 opera
1426 3001 1626 3065 pernoscere,

343 3106 344 3127 ¹
405 3106 468 3150 eum
492 3109 576 3152 nnnc
603 3109 731 3152 rursum
759 3091 870 3152 nostra
896 3087 1007 3169 laude,
1035 3087 1133 3151 immo
1156 3086 1294 3171 quadam
1318 3087 1522 3152 veneratione
1545 3090 1625 3150 tam·
1640 3114 1666 3154 ιο

408 3214 488 3276 quam
506 3216 580 3259 vere
598 3195 704 3259 virum
723 3194 867 3259 divinum
886 3215 1128 3278 prosequamur.
1165 3193 1295 3259 Etenim
1314 3215 1419 3278 nuper
1432 3194 1473 3258 iis
1488 3195 1625 3259 maxime

409 3299 643 3387 cogitationibus
670 3301 833 3386 occupati,
860 3301 989 3385 qualem
1018 3321 1104 3365 mors
1128 3300 1252 3367 homini
1276 3305 1396 3367 sortem
1420 3302 1557 3367 allatura
1579 3301 1625 3366 vi·

410 3404 516 3493 deutur,
545 3431 657 3474 eamne
685 3408 825 3473 faustam
853 3409 996 3473 dicamus
1024 3430 1066 3473 an
1093 3409 1281 3493 infaustam,
1310 3431 1384 3474 cum
1411 3409 1452 3474 ad
1480 3408 1625 3474 Platonis

411 3509 593 3581 Phaedonem
617 3516 714 3580 toties
737 3514 856 3580 lectum
881 3514 987 3580 denuo
1010 3514 1182 3601 legendum
1207 3515 1305 3580 delati
1328 3537 1483 3597 essemus,
1506 3516 1624 3580 mirum

412 3617 587 3686 inmodum
616 3620 841 3686 recreabamur
867 3622 975 3686 animo
1004 3621 1259 3706 contemplantes
1287 3623 1416 3709 egregie
1443 3645 1462 3686 a
1490 3622 1624 3687 Platone

412 3745 570 3811 expressam
594 3726 736 3793 Socratis
764 3727 1018 3812 persuasionem,
1047 3749 1143 3812 quam
1170 3730 1224 3793 ille
1247 3731 1341 3794 unice
1364 3730 1495 3815 dignam
1520 3728 1624 3813 philo·

411 3834 494 3918 sopho
524 3836 698 3901 arbitratus
731 3834 820 3899 omni
847 3835 880 3898 ri
909 3833 1095 3918 disputandi
1122 3835 1267 3900 adhibita
1294 3836 1385 3901 nullo
1413 3858 1479 3901 non
1507 3858 1624 3922 genere

410 3947 652 4026 argumentorum
684 3941 800 4006 fulcire
829 3946 862 4006 et
890 3941 1098 4006 corroborare
1125 3940 1213 4006 haud
1241 3942 1381 4026 desistit,
1413 3943 1533 4027 quippe
1562 3964 1625 4025 qua

409 4046 475 4132 sola,
494 4051 549 4133 ait,
571 4048 720 4113 firmatus
744 4069 817 4112 cum
841 4048 959 4112 fiducia
981 4069 1019 4113 ao
1042 4070 1099 4133 spe
1122 4048 1208 4113 bona
1231 4050 1275 4113 sit
1297 4050 1394 4114 morti
1418 4049 1547 4113 iamiam
1571 4049 1624 4113 ad·

407 4158 534 4221 rentanti
557 4156 687 4220 obviam
711 4156 825 4238 iturus,
848 4177 917 4219 eam
936 4156 1038 4240 igitur
1056 4156 1305 4239 persuasionem,
1326 4178 1393 4240 ,qua
1411 4178 1445 4220 se
1464 4157 1623 4221 confidere
1639 4183 1665 4223 ro

403 4261 542 4347 nffimat,
564 4284 630 4327 non
653 4262 856 4327 interituram
880 4262 914 4326 in
936 4266 1041 4327 morte
1064 4262 1217 4346 animam,
1245 4263 1301 4327 sed
1325 4263 1363 4328 de
1386 4284 1518 4346 corpore
1542 4286 1624 4329 mor.-

399 4371 456 4434 tem
483 4370 691 4436 occumbente
718 4368 868 4433 decedere
894 4368 998 4452 ipsam
1022 4368 1157 4452 salvam,
1184 4391 1245 4435 nec
1268 4369 1455 4435 destitutam
1478 4371 1623 4454 corporis

399 4476 570 4543 relamento
595 4476 686 4561 quasi
710 4475 797 4540 venti
820 4475 952 4539 flamine
969 4475 1074 4560 abripi
1094 4480 1127 4541 et
1144 4476 1185 4541 ad
1203 4476 1342 4541 nihilum
1362 4476 1489 4561 deferri,
1511 4500 1623 4542 rerum

392 4584 563 4649 consistere
582 4584 742 4670 integram
762 4603 799 4647 ac
817 4581 967 4647 stabilem
987 4587 1020 4647 et
1038 4588 1220 4669 separatam
1239 4606 1258 4648 a
1277 4606 1335 4648 suo
1355 4604 1499 4669 corpore,
1519 4584 1624 4669 qualis

390 4696 462 4757 aute
485 4695 599 4755 natum
621 4688 785 4755 hominem
807 4689 915 4772 fuerit,
937 4689 1123 4755 duraturam
1141 4695 1308 4775 perpetuo,
1331 4690 1505 4756 secundum
1524 4692 1624 4756 vitam

387 4802 461 4864 ante
490 4802 595 4863 actam
620 4795 759 4861 feliciter
786 4799 935 4882 agentem
963 4800 1020 4860 aut
1043 4800 1164 4861 contra.
1202 4796 1296 4863 Unde
1318 4797 1402 4863 hanc
1424 4820 1492 4863 esse
1516 4821 1623 4863 veram

384 4927 534 4973 normam
552 4905 638 4969 vitae
656 4903 719 4967 viri
737 4902 926 4988 philosophi
945 4902 1168 4969 ratiocinando
1187 4905 1297 4988 efficit,
1314 4908 1352 4969 ut
1370 4906 1523 4989 quoniam
1538 4926 1624 4969 mors

344 5067 348 5074 .
384 5013 477 5081 nulla
500 5034 536 5077 re
558 5012 623 5077 alia
645 5032 742 5095 quam
762 5009 956 5075 secernenda
973 5032 994 5075 a
1012 5030 1146 5095 corpore
1165 5013 1272 5076 anima
1290 5012 1502 5094 contineatur,
1525 5012 1624 5075 etiam

383 5122 460 5187 dum
486 5119 579 5202 vivit,
601 5117 685 5183 mori
707 5138 746 5183 ac
767 5122 914 5183 mortuus
938 5138 1008 5182 esse
1031 5117 1134 5183 discat
1158 5119 1192 5182 in
1211 5140 1313 5203 eoque
1332 5140 1366 5184 se
1385 5122 1539 5200 exerceat,
1561 5116 1625 5183 hoc

382 5234 431 5295 eat
453 5225 543 5292 nihil
565 5224 731 5309 antiquius
749 5222 876 5307 habeat,
899 5246 996 5309 quam
1016 5229 1052 5289 ut
1071 5225 1224 5308 seiuncta,
1247 5229 1403 5310 quantum
1422 5225 1493 5289 fieri
1512 5224 1623 5307 possit,
1638 5249 1665 5288 ro

382 5358 403 5401 a
428 5354 569 5419 corpore
597 5332 705 5396 anima
733 5332 804 5415 ipsa
831 5353 889 5415 per
917 5352 986 5395 sese
1014 5329 1112 5395 nullis
1141 5332 1284 5416 corporis
1312 5330 1545 5416 cupiditatibus
1568 5335 1624 5396 aut
