3925 6675
383 1091 449 1156 396
525 1172 527 1176 Ι
570 1095 628 1147 un
646 1093 763 1144 murex
782 1092 997 1144 unomenuu
1015 1091 1256 1142 nmunnauuu
1272 1091 1438 1161 renonem.

382 1255 502 1340 tentia,
533 1277 629 1339 quam
657 1252 816 1319 Athenaei
843 1252 920 1318 libri
947 1253 1034 1318 hune
1062 1253 1096 1317 in
1123 1252 1254 1317 modum
1283 1253 1434 1336 reriptam
1462 1253 1618 1320 exhibent

382 1357 422 1445 ἧς
445 1361 528 1448 ῥᾷον
551 1365 630 1438 τοὺς
653 1361 793 1436 ὀδόντας
816 1359 1000 1444 ἀριθμῆσαι
1024 1359 1107 1425 ὀσου
1126 1356 1281 1434 ἐλάττους
1300 1354 1385 1442 ἦσαν
1403 1357 1618 1447 (ἐλαττούσης

383 1467 440 1556 όν)
467 1468 487 1552 ἣ
516 1478 573 1551 τῆς
600 1470 709 1553 χειρὸς
734 1470 815 1544 τοὺς
842 1467 1036 1543 δακτύλους.
1073 1465 1111 1530 In
1140 1465 1256 1549 quibus
1285 1467 1366 1532 ὅσου
1394 1473 1451 1532 aut
1477 1489 1543 1532 non
1571 1467 1618 1532 in·

383 1575 560 1662 telligimus
584 1579 640 1639 aut
663 1595 761 1660 prave
785 1574 941 1658 seriptum
964 1577 1026 1638 est:
1050 1571 1188 1658 intelligi
1212 1575 1321 1657 potest
1344 1573 1411 1661 ὀσῳ
1433 1574 1520 1658 quod
1538 1575 1617 1639 olim

383 1686 562 1747 eorrectum
589 1685 646 1746 eet.
688 1680 888 1745 Sententiam
915 1682 1020 1765 ipsam
1047 1685 1197 1764 putemne
1226 1679 1386 1766 Toupium
1416 1682 1473 1764 qui
1501 1681 1617 1766 Lysiae

384 1789 527 1853 vindieat
555 1810 621 1854 non
648 1792 733 1852 reete
756 1788 918 1872 accepisse
941 1810 1014 1852 eum
1039 1787 1085 1852 ita
1108 1789 1338 1872 interpretatur
1360 1789 1510 1876 τοσούτῳ
1534 1788 1617 1874 ῥᾷον

384 1897 450 1983 dere
469 1894 626 1971 ἐλάττους
645 1891 737 1979 ἦσαν.
769 1893 874 1959 Imbro
893 1899 930 1958 ut
948 1898 1034 1960 reete
1054 1893 1118 1959 diei
1135 1897 1243 1978 potest
1262 1915 1301 1958 ex
1315 1893 1371 1959 illa
1385 1894 1617 1960 consuetudine

385 2025 482 2086 quam
505 2001 746 2087 explicabamue
770 2002 909 2078 ὀδόντας
932 2001 1116 2086 ἀριθμῆσαι
1140 2001 1255 2067 ὁπόσοι
1279 1996 1374 2084 ἦσαν,
1398 2002 1444 2066 sie
1466 2022 1553 2066 nune
1571 2003 1618 2065 iu-

384 2111 516 2174 stitutae
539 2108 788 2194 comparationis
818 2130 914 2174 eausa
940 2108 1093 2173 scribitur
1121 2103 1160 2191 ἧς
1184 2107 1268 2195 ῥᾷον
1291 2103 1333 2191 ἦν
1356 2107 1496 2184 ὀδόντας
1519 2107 1617 2194 ἀριδ-

344 2249 371 2290 10
383 2226 500 2300 μήσαο,
529 2215 596 2304 ὅσῳ
624 2214 781 2292 ἐλάττους
808 2211 908 2299 ἦσαν,
936 2216 956 2300 ἢ
982 2225 1040 2299 τῆς
1063 2217 1172 2300 χειρὸς
1195 2218 1273 2292 τοὺς
1296 2216 1481 2292 δακτύλους
1504 2215 1616 2302 (derd-

383 2321 513 2408 μῆσαι),
540 2328 578 2387 ut
604 2322 738 2387 liberius
762 2323 913 2388 demere
935 2323 1060 2388 adnexa
1082 2321 1179 2388 verba
1201 2323 1269 2410 ὅσῳ
1298 2320 1454 2399 ἐλάττους
1478 2317 1564 2406 ἦσαν
1587 2323 1615 2388 ei

383 2431 469 2513 parti
500 2429 730 2495 adhaerescunt
762 2431 815 2495 eui
847 2429 1054 2495 declarandae
1087 2433 1163 2513 apta
1194 2433 1227 2493 et
1259 2429 1500 2496 adcommodata
1531 2435 1616 2495 eunt.

384 2535 486 2613 Quam
519 2538 711 2602 sententiam
743 2557 803 2602 noe
835 2542 868 2602 et
899 2536 1036 2622 probam
1064 2557 1132 2601 esee
1160 2557 1219 2600 nee
1246 2535 1393 2601 inutilem
1422 2535 1617 2602 arbitramur

384 2643 531 2726 quamvis
554 2664 625 2707 eam
649 2643 760 2708 abesse
782 2644 928 2728 potuisse
951 2665 1046 2709 nemo
1069 2649 1245 2730 negaturus
1269 2645 1319 2708 eit.
1357 2642 1420 2708 Sed
1443 2665 1525 2727 quae
1547 2643 1614 2708 rul-

383 2754 493 2836 gatum
527 2771 622 2814 neum
654 2751 810 2816 sermonis
843 2750 934 2834 requi
966 2750 1125 2836 videmur,
1158 2773 1195 2816 ea
1226 2771 1283 2815 eur
1313 2749 1473 2816 malumus
1500 2750 1616 2835 Lysiae

383 2856 523 2922 adimere
550 2861 584 2921 et
610 2857 651 2923 ad
674 2855 880 2942 Graeculum,
907 2861 944 2920 ut
967 2856 1016 2922 illi
1039 2859 1230 2943 loquuntur,
1259 2857 1420 2945 ablegare,
1448 2858 1503 2942 qui
1528 2857 1556 2922 ei
1579 2879 1617 2922 aa

384 2964 504 3048 scripta
534 2985 600 3029 uon
632 2969 723 3030 erant
751 2986 816 3049 quo
844 2963 980 3030 coneilio
1011 2970 1119 3030 motus
1147 2964 1306 3031 addiderit
1333 2986 1427 3051 aegre
1455 2964 1616 3049 dispicias.

384 3067 450 3134 Ser.
469 3093 510 3134 m.
530 3069 616 3137 Maio
635 3095 662 3136 a
681 3087 830 3136 nncccc.
