3925 6675
722 1148 972 1211 ousasmcuas
991 1149 1300 1200 amsuorusunau.
1562 1145 1626 1209 297

556 1312 676 1392 μείζων
702 1311 892 1386 κίνδυνος
920 1308 958 1376 ἐν
985 1319 1025 1396 τῇ
1052 1321 1120 1374 τῶν
1147 1308 1355 1393 μαθημάτων
1383 1309 1452 1394 ὠνῇ
1480 1307 1500 1392 ἢ
1530 1307 1566 1373 ἐν
1592 1318 1630 1393 τῇ

557 1429 625 1482 τῶν
647 1419 765 1482 σιτίων

398 1523 430 1586 in
453 1524 573 1609 quibus
595 1523 793 1589 Hartmanns
816 1547 836 1588 a
858 1524 952 1589 uobis
970 1523 1062 1588 uncis
1081 1528 1193 1589 notata
1211 1522 1364 1588 sustulit?
1401 1521 1447 1587 Ut
1465 1523 1631 1587 mittamus

402 1650 481 1711 quae
504 1631 537 1695 in
560 1631 721 1716 principio
745 1630 884 1716 Gorgiae
907 1633 1015 1716 posita
1038 1635 1128 1715 sunt,

559 1737 717 1820 Πολέμου
752 1737 807 1802 καλ
839 1737 944 1822 μάχης
977 1735 1060 1821 φασί
1092 1747 1210 1821 χρῆναι
1244 1737 1331 1802 οὕτω
1364 1737 1631 1822 μεταλαγχάνειν.

558 1848 632 1909 ΣΩ.
652 1843 746 1910 Ἀλλ’
777 1840 798 1927 ἦ
830 1847 866 1910 τὸ
900 1848 1080 1929 λεγόμενον
1108 1847 1247 1909 κατόπιν
1276 1843 1390 1930 ἑορτῆς
1418 1845 1541 1929 ἥκομεν
1569 1843 1632 1909 καλ

558 1951 816 2035 ὑστεροῦμεν;
841 1955 943 2016 ΚΑΛ.
968 1952 1035 2016 Καὶ
1058 1952 1145 2035 μάλα
1168 1975 1206 2034 γε
1229 1950 1361 2028 ἀστείας
1385 1949 1536 2036 ἑορτῆς,

416 2075 534 2137 quornm
565 2059 620 2123 nal
652 2057 858 2143 ὑστεροῦμεν
889 2080 955 2123 non
988 2059 1064 2123 tulit
1095 2080 1169 2122 cum
1202 2057 1390 2144 Hirschigio
1424 2058 1632 2141 Hartmanue,

393 2167 593 2249 Squamquam
616 2165 679 2230 hoo
701 2164 873 2252 verbum*)
898 2165 1070 2231 desiderari
1095 2187 1159 2231 non
1182 2187 1277 2250 posse
1301 2164 1352 2229 vel
1371 2165 1411 2230 ad
1431 2165 1561 2241 ἀστείας
1580 2167 1633 2229 ad·

423 2265 504 2336 ditum
525 2270 639 2356 ἑορτῆς
662 2272 787 2355 clamat,
810 2271 897 2356 quod
920 2273 997 2356 quia
1015 2271 1236 2359 Hirschigium
1258 2295 1323 2337 nou
1342 2272 1436 2358 fugit,
1459 2293 1500 2336 ne
1519 2271 1632 2357 pedem
1648 2298 1673 2339 ιο

424 2379 583 2461 retraheret,
605 2378 689 2444 hanc
712 2400 822 2444 vocem
842 2400 907 2444 una
930 2402 1003 2444 cum
1028 2379 1092 2444 illis
1116 2381 1261 2445 resecuit.

492 2485 550 2551 Sed
577 2488 789 2571 reprimemus
819 2486 883 2551 iam
915 2508 974 2550 nos
1003 2491 1037 2551 et
1063 2508 1127 2551 non
1157 2487 1362 2570 insequemnr
1389 2487 1532 2572 longius,
1560 2509 1633 2552 cum

422 2589 483 2653 atis
499 2592 715 2676 exemplorum
735 2592 919 2675 habeamus,
937 2593 1056 2677 quibus
1075 2598 1107 2658 et
1125 2592 1191 2657 late
1210 2598 1318 2677 patere
1337 2593 1400 2658 hoc
1414 2615 1516 2679 genus
1531 2615 1634 2672 emen-

417 2687 498 2762 dard
519 2701 552 2765 in
575 2699 722 2764 Platonis
745 2699 837 2765 libris
861 2700 1032 2764 edoceatur
1051 2705 1083 2765 et
1101 2721 1166 2764 non
1187 2700 1345 2764 inutiliter
1363 2723 1381 2764 a
1399 2701 1493 2765 nobis
1512 2701 1633 2764 adhibi·

414 2799 477 2867 ium
497 2827 562 2870 esse
585 2807 768 2892 exemplum
792 2807 941 2891 alienum,
965 2807 1052 2890 quod
1076 2807 1152 2892 quia
1171 2809 1289 2871 mutari
1307 2809 1415 2892 ipsum
1433 2830 1499 2872 non
1517 2808 1634 2891 potuit,

407 2912 518 2977 terum
549 2913 709 2978 videretur
742 2913 870 2978 Platoni
902 2913 1100 2998 periclitanti
1133 2935 1325 2979 succurrere.
1371 2911 1455 2978 Nam
1489 2915 1632 2978 criticam

400 3003 505 3083 faeere
524 3021 558 3086 in
575 3020 712 3086 Platone
730 3022 894 3086 noluimus
912 3043 1008 3104 nunc,
1033 3022 1071 3085 de
1090 3043 1153 3104 qua
1172 3020 1251 3086 alias
1271 3023 1398 3106 saepius
1417 3021 1634 3103 disseruimus,

395 3130 504 3208 ¹¹eque
521 3148 596 3191 vero
614 3126 762 3192 libellum
777 3126 1047 3193 Hartmaniauum
1067 3128 1215 3213 inprimis
1233 3127 1428 3212 locupletem
1447 3148 1634 3212 percensere

390 3233 535 3299 senius.
571 3232 686 3318 Itaque
710 3234 750 3298 ad
768 3233 1020 3318 Aristophanem
1045 3237 1246 3313 revertimur,
1270 3235 1299 3298 ei
1323 3239 1360 3298 nt
1378 3234 1502 3318 aliquid
1520 3234 1633 3298 salutis

388 3326 421 3392 δί
463 3361 622 3423 possumus
651 3342 831 3407 afferemus.
867 3341 912 3406 Et
938 3342 1090 3427 quoniam
1114 3342 1308 3407 emblemata
1330 3344 1363 3407 in
1387 3341 1535 3407 Platonis
1559 3342 1634 3407 scri·
1648 3370 1674 3410 so

386 3439 473 3514 Pssis
491 3469 569 3531 quae
591 3470 661 3513 esse
684 3449 859 3514 creduntur
881 3450 1062 3535 attigimus,
1086 3472 1186 3536 genus
1211 3449 1372 3534 quoddam
1396 3448 1633 3532 emblematum,

387 3552 491 3621 quod
514 3554 599 3620 docti
627 3555 732 3620 critici
758 3556 820 3621 sibi
843 3557 905 3621 visi
928 3562 1005 3621 sunt
1028 3557 1061 3620 in
1086 3556 1313 3641 Aristophanis
1337 3556 1514 3622 comoediis
1538 3578 1634 3643 agno·

389 3648 501 3744 Visne,
525 3661 776 3747 disceptabimus
803 3664 923 3749 paucis.
960 3663 1091 3729 Etenim
1120 3663 1206 3748 quod
1235 3664 1508 3749 supradiximus,
1536 3664 1569 3727 in
1593 3663 1633 3727 iis

392 3772 489 3837 uuae
508 3770 652 3835 versibus
676 3770 859 3855 conscripta
881 3774 988 3835 essent
1010 3792 1075 3836 non
1099 3776 1165 3835 tam
1184 3770 1278 3836 facile
1297 3770 1400 3835 aliena
1418 3770 1634 3835 additamenta

394 3875 522 3939 recena
546 3898 644 3960 quam
667 3898 813 3942 sermone
835 3877 987 3962 pedestri,
1010 3899 1203 3962 quamquam
1227 3900 1337 3942 verum
1361 3882 1420 3961 est,
1442 3881 1632 3942 tamennon

399 3966 460 4039 ll&
475 3983 696 4068 complendum,
714 3985 807 4067 quasi
824 3989 964 4049 metrum
984 3983 1102 4069 ἕρκους
1121 3986 1223 4049 instar
1238 3985 1280 4048 sit
1295 3989 1351 4048 aut
1364 3984 1512 4048 habitum
1527 3984 1633 4065 fuerit,

401 4093 477 4157 (1¹¹0
495 4094 614 4155 tutante
636 4089 720 4155 nihil
743 4090 839 4156 alieni
858 4090 932 4156 addi
950 4095 1008 4155 aut
1026 4091 1111 4156 demi
1131 4091 1286 4175 potnerit:
1305 4095 1390 4155 certe
1409 4091 1512 4154 critici
1531 4091 1632 4154 nostri

406 4184 533 4262 minime
551 4219 585 4263 se
604 4196 757 4263 deterreri
775 4200 863 4283 passi
882 4202 958 4263 sunt
976 4199 1149 4282 quominus
1168 4200 1201 4261 iu
1216 4197 1389 4263 comoediis
1405 4195 1633 4282 Aristophanis

407 4302 556 4369 nonnulla
583 4303 667 4369 falso
695 4305 749 4369 sed
777 4326 927 4370 versuum
949 4327 1100 4370 mensura
1123 4304 1277 4371 incolumi
1300 4305 1424 4370 adiecta
1447 4308 1633 4389 statuerent,

407 4408 537 4506 (ludum
555 4412 668 4477 hande
686 4418 814 4496 poetam
833 4433 963 4478 neeesse
982 4417 1066 4478 esset
1084 4414 1174 4479 ocius
1193 4411 1331 4477 liberari.
1364 4410 1463 4476 Velut
1483 4413 1517 4476 in
1534 4410 1633 4496 Equi·
1648 4437 1674 4478 so

405 4495 593 4602 t¹l'118quae
616 4519 769 4605 leguntur
791 4518 1011 4606 Paphlagonis
1035 4520 1132 4584 verba

611 4626 677 4690 912
723 4625 788 4710 ἐγώ
812 4644 848 4693 σε
871 4630 999 4711 ποιήσω
1022 4650 1111 4710 τριη-

394 4818 506 4865 *N
721 4744 856 4819 ραρχείν
879 4732 1162 4817 [ἀναλίσκοντα
1185 4746 1261 4798 τῶν

384 4985 399 5006 ,
490 4942 706 5013 ³s)1*2un'pider
730 4944 759 4997 in
778 4943 987 4999 Herculeum
1011 4944 1045 4999 ot
1068 4963 1124 4999 που
1148 4943 1288 5013 λέλειμμαι
1311 4946 1360 4999 καὶ
1379 4944 1520 5012 νεωτέρων
1539 4953 1633 4999 κακῶν
1656 4927 1660 4934 '

381 5007 515 5096 ”Reor
531 5036 669 5103 ἀφῖγμαις
687 5032 781 5087 Livius
799 5040 872 5101 1116,
888 5040 921 5087 lc
940 5034 1069 5089 sauata
1086 5035 1159 5088 mille
1176 5034 1283 5101 milites,
1303 5036 1370 5103 quio
1387 5051 1475 5088 serrem
1495 5034 1633 5087 messiliam

470 5124 612 5187 μοιλιακι
631 5130 770 5189 most,
788 5140 849 5178 οιιιιι
867 5124 1022 5194 ι’ριιοοιὶιιία
1040 5124 1160 5188 dimne}
1184 5127 1322 5186 xxvr120,
1337 5128 1353 5176 3
1372 5124 1410 5177 ed
1428 5122 1631 5178 Hasdrubalem

358 5177 497 5305 ξηρὴ
517 5229 606 5268 murs
625 5219 691 5282 poet
712 5214 782 5267 scole
803 5220 906 5284 patos
928 5229 984 5267 reos
1007 5213 1153 5267 caedium.
1183 5212 1300 5266 Plautus
1325 5210 1498 5265 Menaechm.
1518 5229 1535 5263 v
1554 5215 1584 5279 6,
1599 5214 1632 5262 26

351 5346 370 5381 e
395 5266 429 5320 d
461 5306 557 5356 Μνο
577 5319 610 5357 κο
633 5317 693 5357 sero
715 5302 823 5356 οικίοιιι
845 5302 1001 5372 ἀτμιιςιιοιο
1019 5302 1132 5370 proelio.
1163 5299 1387 5369 Capt.1v‘2,90.
1420 5299 1463 5353 Ns
1486 5298 1571 5353 nimis
1591 5298 1633 5352 in·

369 5354 531 5456 tepent,
554 5390 578 5445 si
598 5390 667 5460 quid
687 5389 878 5446 abundantius
898 5389 955 5444 diei
974 5407 992 5444 a
1011 5389 1126 5445 Platone
1146 5390 1282 5445 videatur.
