<?xml version="1.0" encoding="UTF-8"?>
<!DOCTYPE html PUBLIC "-//W3C//DTD XHTML 1.0 Transitional//EN"
    "http://www.w3.org/TR/xhtml1/DTD/xhtml1-transitional.dtd">
<html xmlns="http://www.w3.org/1999/xhtml" xml:lang="en" lang="en">
 <head>
  <title>
</title>
<meta http-equiv="Content-Type" content="text/html;charset=utf-8" />
  <meta name='ocr-system' content='tesseract 3.04.00' />
  <meta name='ocr-capabilities' content='ocr_page ocr_carea ocr_par ocr_line ocrx_word'/>
</head>
<body>
  <div class='ocr_page' id='page_1' title='image "./iohannisvahleni01vahlgoog/iohannisvahleni01vahlgoog_0336.png"; bbox 0 0 3925 6675; ppageno 0'>
   <div class='ocr_carea' id='block_1_1' title="bbox 384 1054 1418 1120">
    <p class='ocr_par' dir='ltr' id='par_1_1' title="bbox 384 1054 1418 1120">
     <span class='ocr_line' id='line_1_1' title="bbox 384 1054 1418 1120; baseline -0.01 0"><span class='ocrx_word' id='word_1_1' title='bbox 384 1054 450 1120; x_wconf 81' lang='lat'><strong>328</strong></span> <span class='ocrx_word' id='word_1_2' title='bbox 602 1059 700 1111; x_wconf 78' lang='lat' dir='ltr'><strong>xurx.</strong></span> <span class='ocrx_word' id='word_1_3' title='bbox 720 1059 836 1110; x_wconf 81' lang='lat' dir='ltr'><strong>merx</strong></span> <span class='ocrx_word' id='word_1_4' title='bbox 853 1058 1069 1110; x_wconf 69' lang='lat' dir='ltr'><strong>ruariorum</strong></span> <span class='ocrx_word' id='word_1_5' title='bbox 1087 1058 1320 1110; x_wconf 76' lang='lat' dir='ltr'>AES&#39;HVARUM</span> <span class='ocrx_word' id='word_1_6' title='bbox 1340 1061 1418 1110; x_wconf 78' lang='lat'>1899.</span> 
     </span>
    </p>
   </div>
   <div class='ocr_carea' id='block_1_2' title="bbox 346 1219 1674 5367">
    <p class='ocr_par' dir='ltr' id='par_1_2' title="bbox 346 1219 1674 5367">
     <span class='ocr_line' id='line_1_2' title="bbox 516 1219 1618 1302; baseline 0.001 -17"><span class='ocrx_word' id='word_1_7' title='bbox 516 1219 1618 1302; x_wconf 61' lang='lat' dir='ltr'><strong>caumasoeisarqoeaservononducuuscoedemfim‘mo-</strong></span> 
     </span>
     <span class='ocr_line' id='line_1_3' title="bbox 451 1326 1616 1410; baseline 0.001 -19"><span class='ocrx_word' id='word_1_8' title='bbox 451 1327 473 1391; x_wconf 83' lang='lat'>5</span> <span class='ocrx_word' id='word_1_9' title='bbox 518 1333 568 1392; x_wconf 77' lang='lat' dir='ltr'><strong>tas</strong></span> <span class='ocrx_word' id='word_1_10' title='bbox 594 1333 622 1393; x_wconf 83' lang='lat' dir='ltr'><strong>et</strong></span> <span class='ocrx_word' id='word_1_11' title='bbox 649 1327 798 1392; x_wconf 73' lang='lat' dir='ltr'><strong>bonorum</strong></span> <span class='ocrx_word' id='word_1_12' title='bbox 824 1326 1038 1410; x_wconf 79' lang='lat' dir='ltr'><strong>reipublicae</strong></span> <span class='ocrx_word' id='word_1_13' title='bbox 1064 1329 1227 1392; x_wconf 62' lang='lat' dir='ltr'><strong>caducam</strong></span> <span class='ocrx_word' id='word_1_14' title='bbox 1252 1327 1379 1408; x_wconf 58' lang='lat' dir='ltr'><strong>farsam</strong></span> <span class='ocrx_word' id='word_1_15' title='bbox 1407 1327 1491 1391; x_wconf 79' lang='lat' dir='ltr'><strong>vinci</strong></span> <span class='ocrx_word' id='word_1_16' title='bbox 1513 1331 1616 1392; x_wconf 74' lang='lat' dir='ltr'><strong>erotem</strong></span> 
     </span>
     <span class='ocr_line' id='line_1_4' title="bbox 518 1433 1618 1517; baseline 0.001 -20"><span class='ocrx_word' id='word_1_17' title='bbox 518 1434 673 1516; x_wconf 79' lang='lat' dir='ltr'><strong>improbos</strong></span> <span class='ocrx_word' id='word_1_18' title='bbox 695 1455 717 1499; x_wconf 85' lang='lat' dir='ltr'><strong>c</strong></span> <span class='ocrx_word' id='word_1_19' title='bbox 738 1434 827 1500; x_wconf 63' lang='lat' dir='ltr'><strong>boare</strong></span> <span class='ocrx_word' id='word_1_20' title='bbox 842 1436 944 1516; x_wconf 80' lang='lat' dir='ltr'><strong>fateor</strong></span> <span class='ocrx_word' id='word_1_21' title='bbox 959 1435 1059 1515; x_wconf 76' lang='lat' dir='ltr'><strong>sotsac</strong></span> <span class='ocrx_word' id='word_1_22' title='bbox 1069 1433 1282 1517; x_wconf 69' lang='lat' dir='ltr'><strong>praecluum,</strong></span> <span class='ocrx_word' id='word_1_23' title='bbox 1303 1435 1445 1516; x_wconf 76' lang='lat' dir='ltr'><strong>aifiacm</strong></span> <span class='ocrx_word' id='word_1_24' title='bbox 1463 1439 1529 1500; x_wconf 77' lang='lat' dir='ltr'><strong>trun</strong></span> <span class='ocrx_word' id='word_1_25' title='bbox 1547 1435 1618 1498; x_wconf 81' lang='lat' dir='ltr'><strong>oia·</strong></span> 
     </span>
     <span class='ocr_line' id='line_1_5' title="bbox 517 1539 1618 1630; baseline -0.002 -24"><span class='ocrx_word' id='word_1_26' title='bbox 517 1541 608 1606; x_wconf 76' lang='lat' dir='ltr'><strong>cendi</strong></span> <span class='ocrx_word' id='word_1_27' title='bbox 629 1542 765 1606; x_wconf 65' lang='lat' dir='ltr'><strong>cidem</strong></span> <span class='ocrx_word' id='word_1_28' title='bbox 788 1539 913 1626; x_wconf 77' lang='lat' dir='ltr'><strong>[ocem</strong></span> <span class='ocrx_word' id='word_1_29' title='bbox 929 1541 1097 1623; x_wconf 80' lang='lat' dir='ltr'><strong>profecto</strong></span> <span class='ocrx_word' id='word_1_30' title='bbox 1119 1561 1192 1608; x_wconf 80' lang='lat' dir='ltr'><strong>non</strong></span> <span class='ocrx_word' id='word_1_31' title='bbox 1214 1539 1410 1630; x_wconf 75' lang='lat' dir='ltr'><strong>videbomJ.</strong></span> <span class='ocrx_word' id='word_1_32' title='bbox 1453 1540 1515 1608; x_wconf 76' lang='lat' dir='ltr'><strong>Uti</strong></span> <span class='ocrx_word' id='word_1_33' title='bbox 1532 1541 1618 1606; x_wconf 75' lang='lat' dir='ltr'><strong>atim</strong></span> 
     </span>
     <span class='ocr_line' id='line_1_6' title="bbox 519 1645 1618 1730; baseline 0 -18"><span class='ocrx_word' id='word_1_34' title='bbox 519 1648 599 1712; x_wconf 69' lang='lat' dir='ltr'><strong>molti</strong></span> <span class='ocrx_word' id='word_1_35' title='bbox 619 1653 746 1729; x_wconf 80' lang='lat' dir='ltr'><strong>praesto</strong></span> <span class='ocrx_word' id='word_1_36' title='bbox 768 1649 903 1730; x_wconf 67' lang='lat' dir='ltr'><strong>fuissent</strong></span> <span class='ocrx_word' id='word_1_37' title='bbox 923 1653 981 1713; x_wconf 81' lang='lat' dir='ltr'><strong>out</strong></span> <span class='ocrx_word' id='word_1_38' title='bbox 1001 1653 1067 1712; x_wconf 83' lang='lat' dir='ltr'><strong>tom</strong></span> <span class='ocrx_word' id='word_1_39' title='bbox 1088 1649 1184 1729; x_wconf 80' lang='lat' dir='ltr'><strong>fortes</strong></span> <span class='ocrx_word' id='word_1_40' title='bbox 1205 1647 1343 1713; x_wconf 70' lang='lat' dir='ltr'><strong>manetes</strong></span> <span class='ocrx_word' id='word_1_41' title='bbox 1364 1667 1459 1729; x_wconf 66' lang='lat' dir='ltr'><strong>mrem</strong></span> <span class='ocrx_word' id='word_1_42' title='bbox 1482 1647 1520 1712; x_wconf 83' lang='lat' dir='ltr'><strong>L.</strong></span> <span class='ocrx_word' id='word_1_43' title='bbox 1542 1645 1618 1730; x_wconf 78' lang='lat' dir='ltr'><strong>Opi·</strong></span> 
     </span>
     <span class='ocr_line' id='line_1_7' title="bbox 520 1753 1618 1837; baseline -0.001 -18"><span class='ocrx_word' id='word_1_44' title='bbox 520 1756 614 1833; x_wconf 78' lang='lat' dir='ltr'><strong>miae,</strong></span> <span class='ocrx_word' id='word_1_45' title='bbox 641 1776 736 1836; x_wconf 81' lang='lat' dir='ltr'><strong>quom</strong></span> <span class='ocrx_word' id='word_1_46' title='bbox 766 1753 799 1820; x_wconf 84' lang='lat'><strong>0.</strong></span> <span class='ocrx_word' id='word_1_47' title='bbox 824 1753 968 1834; x_wconf 72' lang='lat' dir='ltr'><strong>Marios,</strong></span> <span class='ocrx_word' id='word_1_48' title='bbox 995 1775 1090 1836; x_wconf 79' lang='lat' dir='ltr'><strong>quom</strong></span> <span class='ocrx_word' id='word_1_49' title='bbox 1116 1755 1153 1818; x_wconf 89' lang='lat' dir='ltr'><strong>L.</strong></span> <span class='ocrx_word' id='word_1_50' title='bbox 1172 1754 1323 1833; x_wconf 82' lang='lat' dir='ltr'><strong>Flaccus,</strong></span> <span class='ocrx_word' id='word_1_51' title='bbox 1350 1754 1462 1837; x_wconf 74' lang='lat' dir='ltr'><strong>quotus</strong></span> <span class='ocrx_word' id='word_1_52' title='bbox 1489 1753 1618 1819; x_wconf 66' lang='lat' dir='ltr'><strong>oceno</strong></span> 
     </span>
     <span class='ocr_line' id='line_1_8' title="bbox 432 1861 1618 1944; baseline 0.001 -19"><span class='ocrx_word' id='word_1_53' title='bbox 432 1861 475 1926; x_wconf 92' lang='lat'><strong>10</strong></span> <span class='ocrx_word' id='word_1_54' title='bbox 520 1861 674 1942; x_wconf 81' lang='lat' dir='ltr'><strong>improbos</strong></span> <span class='ocrx_word' id='word_1_55' title='bbox 695 1863 776 1927; x_wconf 64' lang='lat' dir='ltr'><strong>does</strong></span> <span class='ocrx_word' id='word_1_56' title='bbox 795 1882 846 1927; x_wconf 80' lang='lat' dir='ltr'><strong>ras</strong></span> <span class='ocrx_word' id='word_1_57' title='bbox 861 1861 993 1944; x_wconf 79' lang='lat' dir='ltr'><strong>publico</strong></span> <span class='ocrx_word' id='word_1_58' title='bbox 1015 1863 1089 1926; x_wconf 83' lang='lat' dir='ltr'><strong>uicit</strong></span> <span class='ocrx_word' id='word_1_59' title='bbox 1106 1863 1249 1943; x_wconf 81' lang='lat' dir='ltr'><strong>armatis,</strong></span> <span class='ocrx_word' id='word_1_60' title='bbox 1272 1867 1327 1926; x_wconf 78' lang='lat' dir='ltr'><strong>out</strong></span> <span class='ocrx_word' id='word_1_61' title='bbox 1344 1863 1374 1926; x_wconf 83' lang='lat' dir='ltr'><strong>si</strong></span> <span class='ocrx_word' id='word_1_62' title='bbox 1392 1863 1498 1926; x_wconf 78' lang='lat' dir='ltr'><strong>minas</strong></span> <span class='ocrx_word' id='word_1_63' title='bbox 1512 1862 1618 1942; x_wconf 76' lang='lat' dir='ltr'><strong>fortes,</strong></span> 
     </span>
     <span class='ocr_line' id='line_1_9' title="bbox 520 1968 1618 2052; baseline 0.002 -20"><span class='ocrx_word' id='word_1_64' title='bbox 520 1975 554 2032; x_wconf 83' lang='lat' dir='ltr'><strong>ot</strong></span> <span class='ocrx_word' id='word_1_65' title='bbox 579 1974 685 2034; x_wconf 78' lang='lat' dir='ltr'><strong>tomen</strong></span> <span class='ocrx_word' id='word_1_66' title='bbox 707 1975 772 2034; x_wconf 83' lang='lat' dir='ltr'><strong>tom</strong></span> <span class='ocrx_word' id='word_1_67' title='bbox 795 1970 872 2034; x_wconf 79' lang='lat' dir='ltr'><strong>iusti</strong></span> <span class='ocrx_word' id='word_1_68' title='bbox 893 1990 989 2052; x_wconf 80' lang='lat' dir='ltr'><strong>quom</strong></span> <span class='ocrx_word' id='word_1_69' title='bbox 1013 1969 1052 2033; x_wconf 93' lang='lat' dir='ltr'><strong>P.</strong></span> <span class='ocrx_word' id='word_1_70' title='bbox 1071 1969 1214 2048; x_wconf 70' lang='lat' dir='ltr'><strong>Muciam,</strong></span> <span class='ocrx_word' id='word_1_71' title='bbox 1241 1970 1297 2050; x_wconf 76' lang='lat' dir='ltr'><strong>poi</strong></span> <span class='ocrx_word' id='word_1_72' title='bbox 1314 1989 1424 2046; x_wconf 74' lang='lat' dir='ltr'><strong>mmo,</strong></span> <span class='ocrx_word' id='word_1_73' title='bbox 1451 1987 1531 2050; x_wconf 78' lang='lat' dir='ltr'><strong>quac</strong></span> <span class='ocrx_word' id='word_1_74' title='bbox 1547 1968 1618 2050; x_wconf 79' lang='lat' dir='ltr'><strong>pri·</strong></span> 
     </span>
     <span class='ocr_line' id='line_1_10' title="bbox 520 2075 1618 2160; baseline -0.001 -19"><span class='ocrx_word' id='word_1_75' title='bbox 520 2081 610 2141; x_wconf 68' lang='lat' dir='ltr'><strong>vcors</strong></span> <span class='ocrx_word' id='word_1_76' title='bbox 624 2075 663 2141; x_wconf 91' lang='lat' dir='ltr'><strong>P.</strong></span> <span class='ocrx_word' id='word_1_77' title='bbox 677 2075 783 2158; x_wconf 69' lang='lat' dir='ltr'><strong>Scipio</strong></span> <span class='ocrx_word' id='word_1_78' title='bbox 801 2082 928 2159; x_wconf 82' lang='lat' dir='ltr'><strong>ceperat,</strong></span> <span class='ocrx_word' id='word_1_79' title='bbox 943 2096 981 2140; x_wconf 87' lang='lat' dir='ltr'><strong>oo</strong></span> <span class='ocrx_word' id='word_1_80' title='bbox 996 2076 1045 2140; x_wconf 80' lang='lat' dir='ltr'><strong>Ti.</strong></span> <span class='ocrx_word' id='word_1_81' title='bbox 1062 2075 1201 2142; x_wconf 76' lang='lat' dir='ltr'><strong><em>Graccho</em></strong></span> <span class='ocrx_word' id='word_1_82' title='bbox 1220 2077 1399 2160; x_wconf 74' lang='lat' dir='ltr'><strong>uaerempto</strong></span> <span class='ocrx_word' id='word_1_83' title='bbox 1417 2076 1486 2140; x_wconf 82' lang='lat' dir='ltr'><strong>iure</strong></span> <span class='ocrx_word' id='word_1_84' title='bbox 1502 2075 1618 2156; x_wconf 74' lang='lat' dir='ltr'><strong>optim</strong></span> 
     </span>
     <span class='ocr_line' id='line_1_11' title="bbox 346 2181 1617 2266; baseline -0.002 -18"><span class='ocrx_word' id='word_1_85' title='bbox 346 2205 374 2248; x_wconf 80' lang='grc' dir='ltr'><strong>ιο</strong></span> <span class='ocrx_word' id='word_1_86' title='bbox 521 2189 646 2266; x_wconf 79' lang='lat' dir='ltr'><strong>sumpto</strong></span> <span class='ocrx_word' id='word_1_87' title='bbox 661 2203 725 2249; x_wconf 84' lang='lat' dir='ltr'><strong>ease</strong></span> <span class='ocrx_word' id='word_1_88' title='bbox 735 2182 896 2266; x_wconf 59' lang='lat' dir='ltr'><strong>defendi?</strong></span> <span class='ocrx_word' id='word_1_89' title='bbox 914 2183 1008 2248; x_wconf 76' lang='lat' dir='ltr'><strong>Esset</strong></span> <span class='ocrx_word' id='word_1_90' title='bbox 1021 2184 1119 2265; x_wconf 62' lang='grc' dir='ltr'><strong>ὁρίων</strong></span> <span class='ocrx_word' id='word_1_91' title='bbox 1125 2183 1337 2265; x_wconf 64' lang='lat' dir='ltr'><strong>meandum</strong></span> <span class='ocrx_word' id='word_1_92' title='bbox 1351 2201 1420 2246; x_wconf 73' lang='lat' dir='ltr'><strong>cosm</strong></span> <span class='ocrx_word' id='word_1_93' title='bbox 1434 2181 1617 2247; x_wconf 56' lang='lat' dir='ltr'><strong>macedum</strong></span> 
     </span>
     <span class='ocr_line' id='line_1_12' title="bbox 386 2288 1618 2377; baseline 0 -24"><span class='ocrx_word' id='word_1_94' title='bbox 386 2288 508 2375; x_wconf 75' lang='lat' dir='ltr'><strong>Agitur</strong></span> <span class='ocrx_word' id='word_1_95' title='bbox 529 2290 569 2354; x_wconf 89' lang='lat' dir='ltr'><strong>de</strong></span> <span class='ocrx_word' id='word_1_96' title='bbox 587 2290 694 2355; x_wconf 82' lang='lat' dir='ltr'><strong>verbis</strong></span> <span class='ocrx_word' id='word_1_97' title='bbox 713 2288 756 2377; x_wconf 85' lang='lat' dir='ltr'><strong>(r.</strong></span> <span class='ocrx_word' id='word_1_98' title='bbox 777 2289 812 2376; x_wconf 79' lang='lat'><strong>7)</strong></span> <span class='ocrx_word' id='word_1_99' title='bbox 830 2311 919 2372; x_wconf 71' lang='lat' dir='ltr'><strong>qroem</strong></span> <span class='ocrx_word' id='word_1_100' title='bbox 931 2291 1069 2372; x_wconf 76' lang='lat' dir='ltr'><strong>profecto</strong></span> <span class='ocrx_word' id='word_1_101' title='bbox 1087 2311 1151 2355; x_wconf 77' lang='lat' dir='ltr'><strong>mm</strong></span> <span class='ocrx_word' id='word_1_102' title='bbox 1169 2289 1319 2368; x_wconf 71' lang='lat' dir='ltr'><strong>videbam,</strong></span> <span class='ocrx_word' id='word_1_103' title='bbox 1343 2309 1424 2374; x_wconf 87' lang='lat' dir='ltr'><strong>quae</strong></span> <span class='ocrx_word' id='word_1_104' title='bbox 1443 2288 1618 2354; x_wconf 75' lang='lat' dir='ltr'>Muellerus</span> 
     </span>
     <span class='ocr_line' id='line_1_13' title="bbox 386 2394 1618 2481; baseline 0.001 -22"><span class='ocrx_word' id='word_1_105' title='bbox 386 2398 478 2460; x_wconf 89' lang='lat' dir='ltr'><strong>uncis</strong></span> <span class='ocrx_word' id='word_1_106' title='bbox 501 2397 622 2479; x_wconf 89' lang='lat' dir='ltr'><strong>saepsit</strong></span> <span class='ocrx_word' id='word_1_107' title='bbox 644 2417 717 2461; x_wconf 90' lang='lat' dir='ltr'><strong>oum</strong></span> <span class='ocrx_word' id='word_1_108' title='bbox 742 2396 883 2481; x_wconf 86' lang='lat' dir='ltr'><strong>Halmio,</strong></span> <span class='ocrx_word' id='word_1_109' title='bbox 904 2397 961 2461; x_wconf 86' lang='lat' dir='ltr'><strong>alii</strong></span> <span class='ocrx_word' id='word_1_110' title='bbox 984 2418 1025 2462; x_wconf 88' lang='lat' dir='ltr'><strong>nc</strong></span> <span class='ocrx_word' id='word_1_111' title='bbox 1047 2401 1237 2481; x_wconf 87' lang='lat' dir='ltr'><strong>receperunt</strong></span> <span class='ocrx_word' id='word_1_112' title='bbox 1261 2395 1400 2480; x_wconf 87' lang='lat' dir='ltr'><strong>quidem.</strong></span> <span class='ocrx_word' id='word_1_113' title='bbox 1433 2394 1509 2460; x_wconf 89' lang='lat' dir='ltr'><strong>Non</strong></span> <span class='ocrx_word' id='word_1_114' title='bbox 1532 2395 1618 2460; x_wconf 92' lang='lat' dir='ltr'><strong>enim</strong></span> 
     </span>
     <span class='ocr_line' id='line_1_14' title="bbox 387 2501 1674 2589; baseline 0 -23"><span class='ocrx_word' id='word_1_115' title='bbox 387 2502 426 2566; x_wconf 89' lang='lat' dir='ltr'><strong>de</strong></span> <span class='ocrx_word' id='word_1_116' title='bbox 453 2523 542 2566; x_wconf 87' lang='lat' dir='ltr'><strong>mera</strong></span> <span class='ocrx_word' id='word_1_117' title='bbox 569 2504 752 2568; x_wconf 78' lang='lat' dir='ltr'><strong>criticorum</strong></span> <span class='ocrx_word' id='word_1_118' title='bbox 782 2503 934 2589; x_wconf 90' lang='lat' dir='ltr'><strong>opinione</strong></span> <span class='ocrx_word' id='word_1_119' title='bbox 962 2504 1017 2568; x_wconf 89' lang='lat' dir='ltr'><strong>sed</strong></span> <span class='ocrx_word' id='word_1_120' title='bbox 1044 2504 1083 2568; x_wconf 87' lang='lat' dir='ltr'><strong>de</strong></span> <span class='ocrx_word' id='word_1_121' title='bbox 1106 2503 1169 2568; x_wconf 86' lang='lat' dir='ltr'><strong>fide</strong></span> <span class='ocrx_word' id='word_1_122' title='bbox 1191 2503 1350 2569; x_wconf 87' lang='lat' dir='ltr'><strong>librorum</strong></span> <span class='ocrx_word' id='word_1_123' title='bbox 1373 2505 1527 2567; x_wconf 84' lang='lat' dir='ltr'><strong>certatur:</strong></span> <span class='ocrx_word' id='word_1_124' title='bbox 1555 2501 1618 2566; x_wconf 92' lang='lat' dir='ltr'><strong>duo</strong></span> <span class='ocrx_word' id='word_1_125' title='bbox 1633 2509 1674 2568; x_wconf 79' lang='grc'><strong>17</strong></span> 
     </span>
     <span class='ocr_line' id='line_1_15' title="bbox 386 2608 1619 2694; baseline 0.001 -22"><span class='ocrx_word' id='word_1_126' title='bbox 386 2608 466 2674; x_wconf 90' lang='lat' dir='ltr'><strong>boni</strong></span> <span class='ocrx_word' id='word_1_127' title='bbox 489 2609 615 2675; x_wconf 88' lang='lat' dir='ltr'><strong>codices</strong></span> <span class='ocrx_word' id='word_1_128' title='bbox 639 2630 710 2674; x_wconf 92' lang='lat' dir='ltr'><strong>cum</strong></span> <span class='ocrx_word' id='word_1_129' title='bbox 734 2609 806 2674; x_wconf 88' lang='lat' dir='ltr'><strong>aliis</strong></span> <span class='ocrx_word' id='word_1_130' title='bbox 829 2609 1042 2675; x_wconf 87' lang='lat' dir='ltr'><strong>deterioribus</strong></span> <span class='ocrx_word' id='word_1_131' title='bbox 1065 2612 1220 2676; x_wconf 88' lang='lat' dir='ltr'><strong>omittunt</strong></span> <span class='ocrx_word' id='word_1_132' title='bbox 1243 2611 1305 2674; x_wconf 89' lang='lat' dir='ltr'><strong>ista</strong></span> <span class='ocrx_word' id='word_1_133' title='bbox 1327 2608 1437 2690; x_wconf 83' lang='lat' dir='ltr'><strong>verba,</strong></span> <span class='ocrx_word' id='word_1_134' title='bbox 1465 2631 1547 2694; x_wconf 89' lang='lat' dir='ltr'><strong>quae</strong></span> <span class='ocrx_word' id='word_1_135' title='bbox 1569 2608 1619 2674; x_wconf 93' lang='lat' dir='ltr'><strong>illi</strong></span> 
     </span>
     <span class='ocr_line' id='line_1_16' title="bbox 388 2715 1620 2802; baseline 0.001 -23"><span class='ocrx_word' id='word_1_136' title='bbox 388 2715 556 2780; x_wconf 86' lang='lat' dir='ltr'><strong>secludunt</strong></span> <span class='ocrx_word' id='word_1_137' title='bbox 578 2720 635 2780; x_wconf 89' lang='lat' dir='ltr'><strong>aut</strong></span> <span class='ocrx_word' id='word_1_138' title='bbox 657 2717 798 2783; x_wconf 84' lang='lat' dir='ltr'><strong>eiiciunt</strong></span> <span class='ocrx_word' id='word_1_139' title='bbox 835 2715 873 2780; x_wconf 89' lang='lat' dir='ltr'><strong>ln</strong></span> <span class='ocrx_word' id='word_1_140' title='bbox 897 2737 961 2802; x_wconf 90' lang='lat' dir='ltr'><strong>qua</strong></span> <span class='ocrx_word' id='word_1_141' title='bbox 984 2739 1019 2782; x_wconf 88' lang='lat' dir='ltr'><strong>rc</strong></span> <span class='ocrx_word' id='word_1_142' title='bbox 1041 2739 1083 2782; x_wconf 88' lang='lat' dir='ltr'><strong>na</strong></span> <span class='ocrx_word' id='word_1_143' title='bbox 1105 2718 1200 2782; x_wconf 84' lang='lat' dir='ltr'><strong>nimie</strong></span> <span class='ocrx_word' id='word_1_144' title='bbox 1223 2737 1283 2781; x_wconf 89' lang='lat' dir='ltr'><strong>nos</strong></span> <span class='ocrx_word' id='word_1_145' title='bbox 1307 2717 1498 2782; x_wconf 84' lang='lat' dir='ltr'><strong>auctoritate</strong></span> <span class='ocrx_word' id='word_1_146' title='bbox 1515 2716 1620 2800; x_wconf 88' lang='lat' dir='ltr'><strong>premi</strong></span> 
     </span>
     <span class='ocr_line' id='line_1_17' title="bbox 388 2821 1620 2909; baseline -0.001 -22"><span class='ocrx_word' id='word_1_147' title='bbox 388 2823 563 2906; x_wconf 86' lang='lat' dir='ltr'><strong>patiamur,</strong></span> <span class='ocrx_word' id='word_1_148' title='bbox 589 2823 859 2888; x_wconf 86' lang='lat' dir='ltr'><strong>reminiscendum</strong></span> <span class='ocrx_word' id='word_1_149' title='bbox 887 2827 937 2890; x_wconf 89' lang='lat' dir='ltr'><strong>est</strong></span> <span class='ocrx_word' id='word_1_150' title='bbox 959 2824 1037 2909; x_wconf 91' lang='lat' dir='ltr'><strong>quid</strong></span> <span class='ocrx_word' id='word_1_151' title='bbox 1061 2824 1148 2892; x_wconf 90' lang='lat' dir='ltr'><strong>docti</strong></span> <span class='ocrx_word' id='word_1_152' title='bbox 1172 2824 1310 2888; x_wconf 78' lang='lat' dir='ltr'>editores</span> <span class='ocrx_word' id='word_1_153' title='bbox 1333 2823 1372 2887; x_wconf 86' lang='lat' dir='ltr'><strong>de</strong></span> <span class='ocrx_word' id='word_1_154' title='bbox 1395 2821 1511 2887; x_wconf 89' lang='lat' dir='ltr'><strong>horuru</strong></span> <span class='ocrx_word' id='word_1_155' title='bbox 1535 2821 1620 2887; x_wconf 89' lang='lat' dir='ltr'><strong>codi-</strong></span> 
     </span>
     <span class='ocr_line' id='line_1_18' title="bbox 388 2928 1620 3017; baseline 0 -23"><span class='ocrx_word' id='word_1_156' title='bbox 388 2950 459 2994; x_wconf 92' lang='lat' dir='ltr'><strong>cum</strong></span> <span class='ocrx_word' id='word_1_157' title='bbox 485 2929 643 3015; x_wconf 82' lang='lat' dir='ltr'><strong>dignitate</strong></span> <span class='ocrx_word' id='word_1_158' title='bbox 665 2950 702 2995; x_wconf 88' lang='lat' dir='ltr'><strong>ac</strong></span> <span class='ocrx_word' id='word_1_159' title='bbox 722 2931 841 2997; x_wconf 86' lang='lat' dir='ltr'><strong>virtute</strong></span> <span class='ocrx_word' id='word_1_160' title='bbox 858 2930 1058 3017; x_wconf 78' lang='lat' dir='ltr'><strong>praedicent3</strong></span> <span class='ocrx_word' id='word_1_161' title='bbox 1082 2931 1137 3015; x_wconf 91' lang='lat' dir='ltr'><strong>qui</strong></span> <span class='ocrx_word' id='word_1_162' title='bbox 1157 2931 1237 2996; x_wconf 90' lang='lat' dir='ltr'><strong>duos</strong></span> <span class='ocrx_word' id='word_1_163' title='bbox 1256 2929 1330 2996; x_wconf 89' lang='lat' dir='ltr'><strong>illos</strong></span> <span class='ocrx_word' id='word_1_164' title='bbox 1348 2929 1459 3015; x_wconf 85' lang='lat' dir='ltr'><strong>libror,</strong></span> <span class='ocrx_word' id='word_1_165' title='bbox 1482 2928 1620 3016; x_wconf 77' lang='lat' dir='ltr'><strong>&#39;legem-</strong></span> 
     </span>
     <span class='ocr_line' id='line_1_19' title="bbox 388 3035 1620 3124; baseline 0 -24"><span class='ocrx_word' id='word_1_166' title='bbox 388 3057 531 3101; x_wconf 88' lang='lat' dir='ltr'><strong>seenscm</strong></span> <span class='ocrx_word' id='word_1_167' title='bbox 555 3036 692 3102; x_wconf 79' lang='lat' dir='ltr'><strong>dicimus</strong></span> <span class='ocrx_word' id='word_1_168' title='bbox 715 3043 747 3103; x_wconf 90' lang='lat' dir='ltr'><strong>et</strong></span> <span class='ocrx_word' id='word_1_169' title='bbox 769 3036 1003 3121; x_wconf 83' lang='lat' dir='ltr'><strong>Erfurtenscm,</strong></span> <span class='ocrx_word' id='word_1_170' title='bbox 1026 3039 1087 3104; x_wconf 82' lang='lat' dir='ltr'><strong>etsi</strong></span> <span class='ocrx_word' id='word_1_171' title='bbox 1108 3037 1222 3102; x_wconf 83' lang='lat' dir='ltr'><strong>cetaria</strong></span> <span class='ocrx_word' id='word_1_172' title='bbox 1240 3037 1337 3124; x_wconf 78' lang='lat' dir='ltr'><strong>longe</strong></span> <span class='ocrx_word' id='word_1_173' title='bbox 1355 3041 1517 3122; x_wconf 83' lang='lat' dir='ltr'><strong>praestare</strong></span> <span class='ocrx_word' id='word_1_174' title='bbox 1535 3035 1620 3101; x_wconf 78' lang='lat' dir='ltr'><strong>affir-</strong></span> 
     </span>
     <span class='ocr_line' id='line_1_20' title="bbox 388 3143 1622 3230; baseline -0.001 -22"><span class='ocrx_word' id='word_1_175' title='bbox 388 3148 488 3227; x_wconf 86' lang='lat' dir='ltr'><strong>mant,</strong></span> <span class='ocrx_word' id='word_1_176' title='bbox 506 3165 572 3209; x_wconf 92' lang='lat' dir='ltr'><strong>non</strong></span> <span class='ocrx_word' id='word_1_177' title='bbox 590 3148 697 3208; x_wconf 86' lang='lat' dir='ltr'><strong>temen</strong></span> <span class='ocrx_word' id='word_1_178' title='bbox 717 3146 841 3209; x_wconf 91' lang='lat' dir='ltr'><strong>consuli</strong></span> <span class='ocrx_word' id='word_1_179' title='bbox 860 3145 946 3210; x_wconf 90' lang='lat' dir='ltr'><strong>solos</strong></span> <span class='ocrx_word' id='word_1_180' title='bbox 965 3143 1080 3209; x_wconf 84' lang='lat' dir='ltr'><strong>volunt</strong></span> <span class='ocrx_word' id='word_1_181' title='bbox 1098 3144 1244 3230; x_wconf 81' lang='lat' dir='ltr'><strong>neglecta</strong></span> <span class='ocrx_word' id='word_1_182' title='bbox 1262 3149 1440 3209; x_wconf 88' lang='lat' dir='ltr'><strong>ceterorum</strong></span> <span class='ocrx_word' id='word_1_183' title='bbox 1458 3143 1622 3227; x_wconf 88' lang='lat' dir='ltr'><strong>memoria,</strong></span> 
     </span>
     <span class='ocr_line' id='line_1_21' title="bbox 348 3249 1621 3337; baseline -0.003 -19"><span class='ocrx_word' id='word_1_184' title='bbox 348 3277 376 3318; x_wconf 77' lang='lat' dir='ltr'><strong>ao</strong></span> <span class='ocrx_word' id='word_1_185' title='bbox 390 3255 423 3315; x_wconf 89' lang='lat' dir='ltr'><strong>et</strong></span> <span class='ocrx_word' id='word_1_186' title='bbox 445 3251 580 3315; x_wconf 85' lang='lat' dir='ltr'><strong>alterum</strong></span> <span class='ocrx_word' id='word_1_187' title='bbox 605 3273 715 3316; x_wconf 90' lang='lat' dir='ltr'><strong>eorum</strong></span> <span class='ocrx_word' id='word_1_188' title='bbox 738 3251 840 3316; x_wconf 89' lang='lat' dir='ltr'><strong>multa</strong></span> <span class='ocrx_word' id='word_1_189' title='bbox 862 3252 1117 3337; x_wconf 75' lang='lat' dir='ltr'><strong>praetermittere</strong></span> <span class='ocrx_word' id='word_1_190' title='bbox 1141 3251 1342 3334; x_wconf 89' lang='lat' dir='ltr'><strong>confitentur,</strong></span> <span class='ocrx_word' id='word_1_191' title='bbox 1365 3273 1446 3334; x_wconf 90' lang='lat' dir='ltr'><strong>quae</strong></span> <span class='ocrx_word' id='word_1_192' title='bbox 1469 3249 1525 3315; x_wconf 82' lang='lat' dir='ltr'><strong>alii</strong></span> <span class='ocrx_word' id='word_1_193' title='bbox 1543 3249 1621 3314; x_wconf 88' lang='lat' dir='ltr'><strong>libri</strong></span> 
     </span>
     <span class='ocr_line' id='line_1_22' title="bbox 389 3356 1623 3443; baseline 0 -22"><span class='ocrx_word' id='word_1_194' title='bbox 389 3356 512 3423; x_wconf 86' lang='lat' dir='ltr'><strong>habent</strong></span> <span class='ocrx_word' id='word_1_195' title='bbox 539 3362 571 3421; x_wconf 86' lang='lat' dir='ltr'><strong>et</strong></span> <span class='ocrx_word' id='word_1_196' title='bbox 596 3380 679 3442; x_wconf 91' lang='lat' dir='ltr'><strong>quae</strong></span> <span class='ocrx_word' id='word_1_197' title='bbox 702 3359 813 3423; x_wconf 84' lang='lat' dir='ltr'><strong>abesse</strong></span> <span class='ocrx_word' id='word_1_198' title='bbox 835 3380 901 3424; x_wconf 90' lang='lat' dir='ltr'><strong>non</strong></span> <span class='ocrx_word' id='word_1_199' title='bbox 923 3364 1068 3443; x_wconf 88' lang='lat' dir='ltr'><strong>possunt.</strong></span> <span class='ocrx_word' id='word_1_200' title='bbox 1108 3358 1161 3424; x_wconf 85' lang='lat' dir='ltr'><strong>Sic</strong></span> <span class='ocrx_word' id='word_1_201' title='bbox 1183 3358 1249 3423; x_wconf 86' lang='lat' dir='ltr'><strong>fere</strong></span> <span class='ocrx_word' id='word_1_202' title='bbox 1272 3358 1446 3423; x_wconf 83' lang='lat' dir='ltr'><strong>Muellerus</strong></span> <span class='ocrx_word' id='word_1_203' title='bbox 1469 3358 1623 3423; x_wconf 85' lang='lat' dir='ltr'><strong>iudicarit</strong></span> 
     </span>
     <span class='ocr_line' id='line_1_23' title="bbox 390 3461 1622 3549; baseline 0.003 -22"><span class='ocrx_word' id='word_1_204' title='bbox 390 3464 424 3527; x_wconf 90' lang='lat' dir='ltr'><strong>in</strong></span> <span class='ocrx_word' id='word_1_205' title='bbox 447 3462 647 3547; x_wconf 77' lang='lat' dir='ltr'><strong>praefatione</strong></span> <span class='ocrx_word' id='word_1_206' title='bbox 669 3486 699 3547; x_wconf 93' lang='lat' dir='ltr'><strong>p.</strong></span> <span class='ocrx_word' id='word_1_207' title='bbox 720 3480 799 3529; x_wconf 72' lang='lat' dir='ltr'><strong>uxr.</strong></span> <span class='ocrx_word' id='word_1_208' title='bbox 835 3461 950 3548; x_wconf 85' lang='lat' dir='ltr'><strong>Itaque</strong></span> <span class='ocrx_word' id='word_1_209' title='bbox 973 3464 1030 3529; x_wconf 90' lang='lat' dir='ltr'><strong>illa</strong></span> <span class='ocrx_word' id='word_1_210' title='bbox 1052 3465 1148 3529; x_wconf 88' lang='lat' dir='ltr'><strong>verba</strong></span> <span class='ocrx_word' id='word_1_211' title='bbox 1172 3465 1258 3549; x_wconf 90' lang='lat' dir='ltr'><strong>quod</strong></span> <span class='ocrx_word' id='word_1_212' title='bbox 1282 3467 1315 3531; x_wconf 89' lang='lat' dir='ltr'><strong>in</strong></span> <span class='ocrx_word' id='word_1_213' title='bbox 1338 3464 1433 3531; x_wconf 89' lang='lat' dir='ltr'><strong>bonis</strong></span> <span class='ocrx_word' id='word_1_214' title='bbox 1457 3464 1622 3531; x_wconf 86' lang='lat' dir='ltr'><strong>codicibus</strong></span> 
     </span>
     <span class='ocr_line' id='line_1_24' title="bbox 390 3570 1621 3659; baseline 0.001 -25"><span class='ocrx_word' id='word_1_215' title='bbox 390 3570 520 3652; x_wconf 80' lang='lat' dir='ltr'><strong>darunt,</strong></span> <span class='ocrx_word' id='word_1_216' title='bbox 547 3570 690 3634; x_wconf 90' lang='lat' dir='ltr'><strong>nondum</strong></span> <span class='ocrx_word' id='word_1_217' title='bbox 718 3570 869 3635; x_wconf 87' lang='lat' dir='ltr'><strong>damnata</strong></span> <span class='ocrx_word' id='word_1_218' title='bbox 894 3576 983 3655; x_wconf 87' lang='lat' dir='ltr'><strong>sunt,</strong></span> <span class='ocrx_word' id='word_1_219' title='bbox 1011 3594 1049 3637; x_wconf 90' lang='lat' dir='ltr'><strong>eo</strong></span> <span class='ocrx_word' id='word_1_220' title='bbox 1072 3573 1178 3637; x_wconf 88' lang='lat' dir='ltr'><strong>minus</strong></span> <span class='ocrx_word' id='word_1_221' title='bbox 1202 3594 1267 3657; x_wconf 90' lang='lat' dir='ltr'><strong>quo</strong></span> <span class='ocrx_word' id='word_1_222' title='bbox 1290 3572 1393 3659; x_wconf 81' lang='lat' dir='ltr'><strong>magis</strong></span> <span class='ocrx_word' id='word_1_223' title='bbox 1417 3571 1621 3657; x_wconf 77' lang='lat' dir='ltr'><strong>perspicuum</strong></span> 
     </span>
     <span class='ocr_line' id='line_1_25' title="bbox 391 3676 1623 3763; baseline 0.002 -23"><span class='ocrx_word' id='word_1_224' title='bbox 391 3682 442 3741; x_wconf 84' lang='lat' dir='ltr'><strong>eat</strong></span> <span class='ocrx_word' id='word_1_225' title='bbox 459 3698 556 3761; x_wconf 88' lang='lat' dir='ltr'><strong>quam</strong></span> <span class='ocrx_word' id='word_1_226' title='bbox 574 3676 668 3741; x_wconf 88' lang='lat' dir='ltr'><strong>facile</strong></span> <span class='ocrx_word' id='word_1_227' title='bbox 686 3681 820 3761; x_wconf 86' lang='lat' dir='ltr'><strong>propter</strong></span> <span class='ocrx_word' id='word_1_228' title='bbox 840 3698 1005 3762; x_wconf 86' lang='lat' dir='ltr'><strong>compares</strong></span> <span class='ocrx_word' id='word_1_229' title='bbox 1023 3700 1125 3763; x_wconf 88' lang='lat' dir='ltr'><strong>paene</strong></span> <span class='ocrx_word' id='word_1_230' title='bbox 1144 3678 1233 3745; x_wconf 84' lang='lat' dir='ltr'><strong>verbi</strong></span> <span class='ocrx_word' id='word_1_231' title='bbox 1250 3679 1372 3744; x_wconf 85' lang='lat' dir='ltr'><strong>formas</strong></span> <span class='ocrx_word' id='word_1_232' title='bbox 1389 3678 1623 3744; x_wconf 55' lang='lat' dir='ltr'><strong>mecm-ew</strong></span> 
     </span>
     <span class='ocr_line' id='line_1_26' title="bbox 392 3783 1623 3870; baseline 0 -21"><span class='ocrx_word' id='word_1_233' title='bbox 392 3784 464 3849; x_wconf 81' lang='lat' dir='ltr'><strong>tom</strong></span> <span class='ocrx_word' id='word_1_234' title='bbox 483 3784 601 3870; x_wconf 82' lang='lat' dir='ltr'><strong>exiguo</strong></span> <span class='ocrx_word' id='word_1_235' title='bbox 619 3783 789 3850; x_wconf 85' lang='lat' dir='ltr'><strong>intervallo</strong></span> <span class='ocrx_word' id='word_1_236' title='bbox 808 3784 961 3869; x_wconf 88' lang='lat' dir='ltr'><strong>repetitas</strong></span> <span class='ocrx_word' id='word_1_237' title='bbox 979 3785 1103 3850; x_wconf 87' lang='lat' dir='ltr'><strong>librarii</strong></span> <span class='ocrx_word' id='word_1_238' title='bbox 1122 3786 1245 3852; x_wconf 88' lang='lat' dir='ltr'><strong>incuria</strong></span> <span class='ocrx_word' id='word_1_239' title='bbox 1257 3786 1363 3850; x_wconf 87' lang='lat' dir='ltr'><strong>media</strong></span> <span class='ocrx_word' id='word_1_240' title='bbox 1378 3786 1524 3869; x_wconf 84' lang='lat' dir='ltr'><strong>quamvis</strong></span> <span class='ocrx_word' id='word_1_241' title='bbox 1537 3786 1623 3849; x_wconf 84' lang='lat' dir='ltr'><strong>recte</strong></span> 
     </span>
     <span class='ocr_line' id='line_1_27' title="bbox 391 3890 1622 3978; baseline -0.002 -21"><span class='ocrx_word' id='word_1_242' title='bbox 391 3891 512 3975; x_wconf 84' lang='lat' dir='ltr'><strong>scripta</strong></span> <span class='ocrx_word' id='word_1_243' title='bbox 529 3890 697 3975; x_wconf 87' lang='lat' dir='ltr'><strong>praeteriri</strong></span> <span class='ocrx_word' id='word_1_244' title='bbox 710 3892 883 3978; x_wconf 80' lang='lat' dir='ltr'><strong>potuerint,</strong></span> <span class='ocrx_word' id='word_1_245' title='bbox 901 3892 957 3956; x_wconf 88' lang='lat' dir='ltr'><strong>sed</strong></span> <span class='ocrx_word' id='word_1_246' title='bbox 976 3892 1055 3975; x_wconf 89' lang='lat' dir='ltr'><strong>quid</strong></span> <span class='ocrx_word' id='word_1_247' title='bbox 1073 3892 1200 3958; x_wconf 85' lang='lat' dir='ltr'><strong>valeant</strong></span> <span class='ocrx_word' id='word_1_248' title='bbox 1214 3894 1247 3957; x_wconf 92' lang='lat' dir='ltr'><strong>in</strong></span> <span class='ocrx_word' id='word_1_249' title='bbox 1262 3893 1492 3957; x_wconf 87' lang='lat' dir='ltr'><strong>sententiarum</strong></span> <span class='ocrx_word' id='word_1_250' title='bbox 1507 3893 1622 3957; x_wconf 87' lang='lat' dir='ltr'><strong>itinere</strong></span> 
     </span>
     <span class='ocr_line' id='line_1_28' title="bbox 390 3996 1623 4084; baseline 0 -21"><span class='ocrx_word' id='word_1_251' title='bbox 390 3996 606 4084; x_wconf 80' lang='lat' dir='ltr'><strong>indagandum</strong></span> <span class='ocrx_word' id='word_1_252' title='bbox 630 4002 687 4063; x_wconf 87' lang='lat' dir='ltr'><strong>est.</strong></span> <span class='ocrx_word' id='word_1_253' title='bbox 723 3998 826 4083; x_wconf 78' lang='lat' dir='ltr'><strong>Atqui</strong></span> <span class='ocrx_word' id='word_1_254' title='bbox 849 4020 905 4062; x_wconf 88' lang='lat' dir='ltr'><strong>eos</strong></span> <span class='ocrx_word' id='word_1_255' title='bbox 928 3998 984 4083; x_wconf 91' lang='lat' dir='ltr'><strong>qui</strong></span> <span class='ocrx_word' id='word_1_256' title='bbox 1004 3999 1082 4065; x_wconf 87' lang='lat' dir='ltr'><strong>hacc</strong></span> <span class='ocrx_word' id='word_1_257' title='bbox 1100 3999 1200 4063; x_wconf 82' lang='lat' dir='ltr'><strong>verba</strong></span> <span class='ocrx_word' id='word_1_258' title='bbox 1218 4000 1295 4067; x_wconf 90' lang='lat' dir='ltr'><strong>licat</strong></span> <span class='ocrx_word' id='word_1_259' title='bbox 1313 4000 1466 4065; x_wconf 87' lang='lat' dir='ltr'><strong>uncinata</strong></span> <span class='ocrx_word' id='word_1_260' title='bbox 1483 3999 1623 4063; x_wconf 83' lang='lat' dir='ltr'><strong>retinent</strong></span> 
     </span>
     <span class='ocr_line' id='line_1_29' title="bbox 392 4103 1624 4192; baseline 0.002 -23"><span class='ocrx_word' id='word_1_261' title='bbox 392 4103 606 4192; x_wconf 81' lang='lat' dir='ltr'><strong>intelligimur</strong></span> <span class='ocrx_word' id='word_1_262' title='bbox 629 4104 699 4170; x_wconf 87' lang='lat' dir='ltr'><strong>falli</strong></span> <span class='ocrx_word' id='word_1_263' title='bbox 722 4127 815 4189; x_wconf 82' lang='lat' dir='ltr'><strong>posse</strong></span> <span class='ocrx_word' id='word_1_264' title='bbox 837 4128 875 4171; x_wconf 88' lang='lat' dir='ltr'><strong>eo</strong></span> <span class='ocrx_word' id='word_1_265' title='bbox 899 4127 1007 4171; x_wconf 86' lang='lat' dir='ltr'><strong>errore</strong></span> <span class='ocrx_word' id='word_1_266' title='bbox 1030 4128 1124 4191; x_wconf 90' lang='lat' dir='ltr'><strong>quem</strong></span> <span class='ocrx_word' id='word_1_267' title='bbox 1149 4106 1288 4171; x_wconf 83' lang='lat' dir='ltr'><strong>diximus</strong></span> <span class='ocrx_word' id='word_1_268' title='bbox 1311 4110 1348 4171; x_wconf 94' lang='lat' dir='ltr'><strong>ut</strong></span> <span class='ocrx_word' id='word_1_269' title='bbox 1371 4105 1481 4171; x_wconf 77' lang='lat' dir='ltr'><strong>adesce</strong></span> <span class='ocrx_word' id='word_1_270' title='bbox 1499 4108 1624 4191; x_wconf 83' lang='lat' dir='ltr'><strong>putent,</strong></span> 
     </span>
     <span class='ocr_line' id='line_1_30' title="bbox 391 4210 1624 4298; baseline 0.001 -23"><span class='ocrx_word' id='word_1_271' title='bbox 391 4216 505 4297; x_wconf 78' lang='lat' dir='ltr'><strong>utpote</strong></span> <span class='ocrx_word' id='word_1_272' title='bbox 528 4234 610 4296; x_wconf 87' lang='lat' dir='ltr'><strong>quae</strong></span> <span class='ocrx_word' id='word_1_273' title='bbox 633 4234 697 4275; x_wconf 90' lang='lat' dir='ltr'><strong>una</strong></span> <span class='ocrx_word' id='word_1_274' title='bbox 719 4212 878 4298; x_wconf 83' lang='lat' dir='ltr'><strong>legantur,</strong></span> <span class='ocrx_word' id='word_1_275' title='bbox 900 4234 982 4297; x_wconf 84' lang='lat' dir='ltr'><strong>quae</strong></span> <span class='ocrx_word' id='word_1_276' title='bbox 1006 4213 1068 4297; x_wconf 81' lang='lat' dir='ltr'><strong>ipsi</strong></span> <span class='ocrx_word' id='word_1_277' title='bbox 1092 4212 1202 4278; x_wconf 86' lang='lat' dir='ltr'><strong>abessa</strong></span> <span class='ocrx_word' id='word_1_278' title='bbox 1223 4214 1393 4279; x_wconf 84' lang='lat' dir='ltr'><strong>iusserunt</strong></span> <span class='ocrx_word' id='word_1_279' title='bbox 1430 4210 1475 4277; x_wconf 80' lang='lat' dir='ltr'><strong>At</strong></span> <span class='ocrx_word' id='word_1_280' title='bbox 1493 4233 1548 4277; x_wconf 90' lang='lat' dir='ltr'><strong>eos</strong></span> <span class='ocrx_word' id='word_1_281' title='bbox 1566 4213 1624 4297; x_wconf 89' lang='lat' dir='ltr'><strong>qui</strong></span> 
     </span>
     <span class='ocr_line' id='line_1_31' title="bbox 351 4317 1425 4405; baseline -0.001 -19"><span class='ocrx_word' id='word_1_282' title='bbox 351 4346 378 4386; x_wconf 74' lang='lat' dir='ltr'><strong>co</strong></span> <span class='ocrx_word' id='word_1_283' title='bbox 392 4318 502 4383; x_wconf 88' lang='lat' dir='ltr'><strong>eiectis</strong></span> <span class='ocrx_word' id='word_1_284' title='bbox 525 4318 595 4383; x_wconf 87' lang='lat' dir='ltr'><strong>istis</strong></span> <span class='ocrx_word' id='word_1_285' title='bbox 617 4318 725 4382; x_wconf 83' lang='lat' dir='ltr'><strong>verbis</strong></span> <span class='ocrx_word' id='word_1_286' title='bbox 747 4317 834 4384; x_wconf 92' lang='lat' dir='ltr'><strong>hunc</strong></span> <span class='ocrx_word' id='word_1_287' title='bbox 856 4321 1011 4385; x_wconf 88' lang='lat' dir='ltr'><strong>orationis</strong></span> <span class='ocrx_word' id='word_1_288' title='bbox 1036 4342 1164 4389; x_wconf 85' lang='lat' dir='ltr'><strong>cursum</strong></span> <span class='ocrx_word' id='word_1_289' title='bbox 1188 4320 1425 4405; x_wconf 86' lang='lat' dir='ltr'><strong>descripserunt</strong></span> 
     </span>
     <span class='ocr_line' id='line_1_32' title="bbox 525 4425 1623 4511; baseline 0.004 -22"><span class='ocrx_word' id='word_1_290' title='bbox 525 4426 610 4491; x_wconf 79' lang='lat' dir='ltr'><strong>vinci</strong></span> <span class='ocrx_word' id='word_1_291' title='bbox 638 4425 793 4507; x_wconf 75' lang='lat' dir='ltr'><strong>improbos</strong></span> <span class='ocrx_word' id='word_1_292' title='bbox 820 4448 842 4490; x_wconf 85' lang='lat' dir='ltr'><strong>a</strong></span> <span class='ocrx_word' id='word_1_293' title='bbox 868 4426 956 4491; x_wconf 74' lang='lat' dir='ltr'><strong>tonis</strong></span> <span class='ocrx_word' id='word_1_294' title='bbox 980 4428 1082 4508; x_wconf 76' lang='lat' dir='ltr'><strong>fateor</strong></span> <span class='ocrx_word' id='word_1_295' title='bbox 1107 4428 1207 4509; x_wconf 78' lang='lat' dir='ltr'><strong>fuisse</strong></span> <span class='ocrx_word' id='word_1_296' title='bbox 1226 4428 1441 4510; x_wconf 76' lang='lat' dir='ltr'><strong>praeclaram,</strong></span> <span class='ocrx_word' id='word_1_297' title='bbox 1472 4428 1502 4492; x_wconf 77' lang='lat' dir='ltr'><strong>si</strong></span> <span class='ocrx_word' id='word_1_298' title='bbox 1527 4428 1623 4511; x_wconf 75' lang='lat' dir='ltr'><strong>finem</strong></span> 
     </span>
     <span class='ocr_line' id='line_1_33' title="bbox 525 4533 1624 4617; baseline 0.002 -21"><span class='ocrx_word' id='word_1_299' title='bbox 525 4537 592 4597; x_wconf 83' lang='lat' dir='ltr'><strong>tum</strong></span> <span class='ocrx_word' id='word_1_300' title='bbox 614 4533 759 4597; x_wconf 76' lang='lat' dir='ltr'><strong>vincendi</strong></span> <span class='ocrx_word' id='word_1_301' title='bbox 781 4533 924 4597; x_wconf 73' lang='lat' dir='ltr'><strong>viderem</strong></span> <span class='ocrx_word' id='word_1_302' title='bbox 966 4533 1031 4601; x_wconf 81' lang='lat' dir='ltr'><strong>Ubi</strong></span> <span class='ocrx_word' id='word_1_303' title='bbox 1053 4536 1136 4601; x_wconf 74' lang='lat' dir='ltr'><strong>arim</strong></span> <span class='ocrx_word' id='word_1_304' title='bbox 1160 4534 1239 4599; x_wconf 74' lang='lat' dir='ltr'><strong>milri</strong></span> <span class='ocrx_word' id='word_1_305' title='bbox 1255 4540 1381 4617; x_wconf 76' lang='lat' dir='ltr'><strong>praesto</strong></span> <span class='ocrx_word' id='word_1_306' title='bbox 1401 4534 1536 4615; x_wconf 57' lang='lat' dir='ltr'><strong>funerat</strong></span> <span class='ocrx_word' id='word_1_307' title='bbox 1557 4538 1624 4599; x_wconf 77' lang='lat' dir='ltr'><strong>tom</strong></span> 
     </span>
     <span class='ocr_line' id='line_1_34' title="bbox 523 4638 1204 4723; baseline 0.004 -20"><span class='ocrx_word' id='word_1_308' title='bbox 523 4639 619 4719; x_wconf 69' lang='lat' dir='ltr'><strong>fortae</strong></span> <span class='ocrx_word' id='word_1_309' title='bbox 640 4639 778 4704; x_wconf 72' lang='lat' dir='ltr'><strong>consedes</strong></span> <span class='ocrx_word' id='word_1_310' title='bbox 799 4661 894 4723; x_wconf 79' lang='lat' dir='ltr'><strong>quom</strong></span> <span class='ocrx_word' id='word_1_311' title='bbox 917 4640 954 4704; x_wconf 85' lang='lat' dir='ltr'><strong>L.</strong></span> <span class='ocrx_word' id='word_1_312' title='bbox 978 4638 1123 4723; x_wconf 66' lang='lat' dir='ltr'><strong>Opimim</strong></span> <span class='ocrx_word' id='word_1_313' title='bbox 1146 4646 1204 4706; x_wconf 89' lang='lat' dir='ltr'><strong>cet.</strong></span> 
     </span>
     <span class='ocr_line' id='line_1_35' title="bbox 392 4744 1623 4831; baseline 0.002 -23"><span class='ocrx_word' id='word_1_314' title='bbox 392 4745 548 4809; x_wconf 89' lang='lat' dir='ltr'><strong>miramur</strong></span> <span class='ocrx_word' id='word_1_315' title='bbox 569 4766 635 4810; x_wconf 91' lang='lat' dir='ltr'><strong>non</strong></span> <span class='ocrx_word' id='word_1_316' title='bbox 658 4744 776 4809; x_wconf 84' lang='lat' dir='ltr'><strong>vidisse</strong></span> <span class='ocrx_word' id='word_1_317' title='bbox 799 4768 870 4811; x_wconf 85' lang='lat' dir='ltr'><strong>ase</strong></span> <span class='ocrx_word' id='word_1_318' title='bbox 888 4748 996 4830; x_wconf 92' lang='lat' dir='ltr'><strong>rumpi</strong></span> <span class='ocrx_word' id='word_1_319' title='bbox 1015 4750 1244 4813; x_wconf 87' lang='lat' dir='ltr'><strong>sententiarum</strong></span> <span class='ocrx_word' id='word_1_320' title='bbox 1265 4768 1451 4831; x_wconf 84' lang='lat' dir='ltr'><strong>connexum,</strong></span> <span class='ocrx_word' id='word_1_321' title='bbox 1475 4748 1531 4831; x_wconf 92' lang='lat' dir='ltr'><strong>qui</strong></span> <span class='ocrx_word' id='word_1_322' title='bbox 1550 4767 1623 4813; x_wconf 89' lang='lat' dir='ltr'><strong>con·</strong></span> 
     </span>
     <span class='ocr_line' id='line_1_36' title="bbox 393 4852 1623 4940; baseline 0.003 -25"><span class='ocrx_word' id='word_1_323' title='bbox 393 4857 478 4916; x_wconf 80' lang='lat' dir='ltr'><strong>stare</strong></span> <span class='ocrx_word' id='word_1_324' title='bbox 510 4873 576 4915; x_wconf 91' lang='lat' dir='ltr'><strong>non</strong></span> <span class='ocrx_word' id='word_1_325' title='bbox 609 4856 718 4936; x_wconf 89' lang='lat' dir='ltr'><strong>potest</strong></span> <span class='ocrx_word' id='word_1_326' title='bbox 744 4852 808 4918; x_wconf 86' lang='lat' dir='ltr'><strong>nisi</strong></span> <span class='ocrx_word' id='word_1_327' title='bbox 834 4854 1003 4919; x_wconf 88' lang='lat' dir='ltr'><strong>interiecto</strong></span> <span class='ocrx_word' id='word_1_328' title='bbox 1032 4874 1069 4919; x_wconf 89' lang='lat' dir='ltr'><strong>eo</strong></span> <span class='ocrx_word' id='word_1_329' title='bbox 1098 4855 1185 4938; x_wconf 91' lang='lat' dir='ltr'><strong>quod</strong></span> <span class='ocrx_word' id='word_1_330' title='bbox 1212 4854 1420 4940; x_wconf 89' lang='lat' dir='ltr'><strong>repudiarunt</strong></span> <span class='ocrx_word' id='word_1_331' title='bbox 1447 4854 1623 4935; x_wconf 86' lang='lat' dir='ltr'><strong>enuntiato,</strong></span> 
     </span>
     <span class='ocr_line' id='line_1_37' title="bbox 393 4958 1625 5045; baseline 0.001 -21"><span class='ocrx_word' id='word_1_332' title='bbox 393 4980 483 5041; x_wconf 79' lang='lat' dir='ltr'><strong>qoem</strong></span> <span class='ocrx_word' id='word_1_333' title='bbox 508 4960 646 5041; x_wconf 75' lang='lat' dir='ltr'><strong>profecto</strong></span> <span class='ocrx_word' id='word_1_334' title='bbox 677 4980 742 5025; x_wconf 77' lang='lat' dir='ltr'><strong>noa</strong></span> <span class='ocrx_word' id='word_1_335' title='bbox 773 4960 923 5025; x_wconf 61' lang='lat' dir='ltr'><strong>adetum.</strong></span> <span class='ocrx_word' id='word_1_336' title='bbox 964 4958 1050 5025; x_wconf 82' lang='lat' dir='ltr'><strong>Nam</strong></span> <span class='ocrx_word' id='word_1_337' title='bbox 1079 4982 1160 5045; x_wconf 88' lang='lat' dir='ltr'><strong>quae</strong></span> <span class='ocrx_word' id='word_1_338' title='bbox 1188 4961 1398 5027; x_wconf 83' lang='lat' dir='ltr'><strong>confirmandi</strong></span> <span class='ocrx_word' id='word_1_339' title='bbox 1426 4981 1523 5025; x_wconf 87' lang='lat' dir='ltr'><strong>causa</strong></span> <span class='ocrx_word' id='word_1_340' title='bbox 1549 4958 1625 5027; x_wconf 87' lang='lat' dir='ltr'><strong>eub-</strong></span> 
     </span>
     <span class='ocr_line' id='line_1_38' title="bbox 394 5066 1622 5151; baseline 0.002 -22"><span class='ocrx_word' id='word_1_341' title='bbox 394 5066 561 5149; x_wconf 73' lang='lat' dir='ltr'><strong>ficiuntur,</strong></span> <span class='ocrx_word' id='word_1_342' title='bbox 587 5067 641 5131; x_wconf 80' lang='lat' dir='ltr'><strong>ubi</strong></span> <span class='ocrx_word' id='word_1_343' title='bbox 668 5069 751 5131; x_wconf 75' lang='lat' dir='ltr'><strong>caim</strong></span> <span class='ocrx_word' id='word_1_344' title='bbox 780 5068 860 5132; x_wconf 76' lang='lat' dir='ltr'><strong>mclii</strong></span> <span class='ocrx_word' id='word_1_345' title='bbox 879 5073 1007 5151; x_wconf 80' lang='lat' dir='ltr'><strong>praesto</strong></span> <span class='ocrx_word' id='word_1_346' title='bbox 1031 5070 1166 5150; x_wconf 75' lang='lat' dir='ltr'><strong>fuissent</strong></span> <span class='ocrx_word' id='word_1_347' title='bbox 1189 5074 1255 5133; x_wconf 83' lang='lat' dir='ltr'><strong>tom</strong></span> <span class='ocrx_word' id='word_1_348' title='bbox 1276 5070 1383 5151; x_wconf 75' lang='lat' dir='ltr'><strong>fortas,</strong></span> <span class='ocrx_word' id='word_1_349' title='bbox 1411 5088 1449 5133; x_wconf 88' lang='lat' dir='ltr'><strong>aa</strong></span> <span class='ocrx_word' id='word_1_350' title='bbox 1470 5068 1622 5133; x_wconf 89' lang='lat' dir='ltr'><strong>nimirum</strong></span> 
     </span>
     <span class='ocr_line' id='line_1_39' title="bbox 394 5173 1624 5258; baseline 0.002 -21"><span class='ocrx_word' id='word_1_351' title='bbox 394 5194 460 5237; x_wconf 91' lang='lat' dir='ltr'><strong>non</strong></span> <span class='ocrx_word' id='word_1_352' title='bbox 482 5173 697 5238; x_wconf 84' lang='lat' dir='ltr'><strong>adnectuntur</strong></span> <span class='ocrx_word' id='word_1_353' title='bbox 718 5174 931 5240; x_wconf 81' lang='lat' dir='ltr'><strong>condicionali</strong></span> <span class='ocrx_word' id='word_1_354' title='bbox 954 5175 1131 5241; x_wconf 87' lang='lat' dir='ltr'><strong>sentcntiae</strong></span> <span class='ocrx_word' id='word_1_355' title='bbox 1153 5174 1183 5240; x_wconf 80' lang='lat' dir='ltr'><strong>si</strong></span> <span class='ocrx_word' id='word_1_356' title='bbox 1205 5176 1300 5258; x_wconf 72' lang='lat' dir='ltr'><strong>finem</strong></span> <span class='ocrx_word' id='word_1_357' title='bbox 1322 5180 1389 5241; x_wconf 77' lang='lat' dir='ltr'><strong>tum</strong></span> <span class='ocrx_word' id='word_1_358' title='bbox 1411 5174 1557 5241; x_wconf 77' lang='lat' dir='ltr'><strong>vincendi</strong></span> <span class='ocrx_word' id='word_1_359' title='bbox 1579 5175 1624 5240; x_wconf 84' lang='lat' dir='ltr'><strong>ui·</strong></span> 
     </span>
     <span class='ocr_line' id='line_1_40' title="bbox 394 5278 1623 5367; baseline 0 -23"><span class='ocrx_word' id='word_1_360' title='bbox 394 5280 497 5345; x_wconf 74' lang='lat' dir='ltr'><strong>dorem</strong></span> <span class='ocrx_word' id='word_1_361' title='bbox 524 5278 570 5367; x_wconf 72' lang='lat' dir='ltr'><strong>(lu</strong></span> <span class='ocrx_word' id='word_1_362' title='bbox 589 5302 614 5345; x_wconf 86' lang='lat' dir='ltr'><strong>e.</strong></span> <span class='ocrx_word' id='word_1_363' title='bbox 638 5280 813 5367; x_wconf 69' lang='lat' dir='ltr'><strong>vidtm),</strong></span> <span class='ocrx_word' id='word_1_364' title='bbox 840 5281 897 5345; x_wconf 86' lang='lat' dir='ltr'><strong>sed</strong></span> <span class='ocrx_word' id='word_1_365' title='bbox 923 5284 954 5346; x_wconf 90' lang='lat' dir='ltr'><strong>ei</strong></span> <span class='ocrx_word' id='word_1_366' title='bbox 982 5304 1045 5367; x_wconf 82' lang='lat' dir='ltr'><strong>que</strong></span> <span class='ocrx_word' id='word_1_367' title='bbox 1073 5282 1268 5347; x_wconf 84' lang='lat' dir='ltr'><strong>contrarium</strong></span> <span class='ocrx_word' id='word_1_368' title='bbox 1295 5286 1508 5365; x_wconf 87' lang='lat' dir='ltr'><strong>asseveratur,</strong></span> <span class='ocrx_word' id='word_1_369' title='bbox 1534 5302 1623 5363; x_wconf 67' lang='lat' dir='ltr'><strong>procu</strong></span> 
     </span>
    </p>
   </div>
   <div class='ocr_carea' id='block_1_3' title="bbox 0 0 1981 6675">
    <p class='ocr_par' dir='ltr' id='par_1_3' title="bbox 0 0 1981 6675">
     <span class='ocr_line' id='line_1_41' title="bbox 0 0 1981 6675; baseline 0 0"><span class='ocrx_word' id='word_1_370' title='bbox 0 0 1981 6675; x_wconf 95' lang='lat' dir='ltr'><strong> </strong></span> 
     </span>
    </p>
   </div>
  </div>
 </body>
</html>
