3925 6675
420 1115 487 1180 390
594 1117 654 1167 LII.
673 1117 789 1166 INDEX
807 1117 1022 1167 LECTIONUM
1040 1116 1282 1167 HIBERNARUM
1304 1118 1471 1186 1eoos1901.

419 1280 473 1344 καί
497 1270 582 1344 εἶναι
605 1289 673 1342 τῶν
696 1276 841 1362 ἀρχαίων
863 1280 942 1354 τοὺς
965 1274 1040 1361 περὶ
1063 1278 1125 1361 τὴν
1148 1280 1272 1362 σοφίαν
1294 1279 1458 1363 pudicum
1481 1301 1511 1364 p.
1533 1277 1589 1364 17,
1607 1279 1651 1345 23

419 1385 545 1450 οὐκοῦν
571 1386 667 1450 κατὰ
694 1384 764 1450 τὸν
791 1385 862 1448 σὸν
888 1377 936 1448 αὖ
960 1385 1083 1466 λόγον
1107 1384 1150 1460 ὡς
1173 1388 1328 1468 φαίνεται
1352 1396 1428 1450 τῶν
1450 1384 1588 1470 ἡρώων
1611 1393 1656 1474 τῷ

418 1489 481 1575 μὲν
508 1492 664 1578 Ταντάλῳ
687 1489 741 1556 καὶ
766 1499 810 1578 τῷ
835 1489 1004 1578 Δαρδάνῳ
1027 1488 1081 1555 καὶ
1105 1498 1150 1578 τῷ
1170 1491 1273 1578 Ζήθῳ
1298 1491 1412 1556 δεινὸν
1430 1489 1542 1580 κτλ*’);
1564 1491 1653 1560 Ionis

419 1621 449 1683 p.
470 1598 521 1682 62,
537 1600 578 1663 21
599 1593 806 1682 ὧνὍμηρος
825 1597 913 1680 λέγει
931 1598 1020 1682 περί
1040 1601 1151 1674 τίνος
1170 1593 1207 1664 εὖ
1226 1597 1339 1680 λέγεις.
1364 1597 1521 1664 Similiter
1539 1599 1652 1684 Lysias

420 1705 536 1788 31,11
562 1708 647 1794 Δἔθος
675 1706 806 1770 δίκαιον
834 1703 1030 1788 ἀνθρώποις
1057 1715 1133 1770 τῶν
1162 1705 1294 1770 αὐτῶν
1317 1704 1570 1789 ἀδικημάτων
1591 1707 1652 1792 μά
1666 1701 1705 1760 1⁸

418 1818 514 1878 λιστα
536 1813 728 1896 ὀργιζεσθαι
751 1823 820 1888 τοῖς
842 1813 985 1895 μάλιστα
1008 1810 1208 1896 δυναμένοις
1230 1814 1274 1896 μὴ
1298 1810 1435 1878 ἀδικεῖν.
1471 1811 1652 1878 Praemisso

418 1924 525 1984 autem
553 1918 616 1983 hoc
641 1919 790 2006 genetivo
814 1941 886 1983 cum
909 1922 1082 2002 utrumque
1105 1922 1192 1984 recte
1215 1917 1278 1983 dici
1301 1918 1444 2003 potuerit
1466 1924 1499 1984 et
1517 1917 1652 1998 Ἀναξα-

418 2028 522 2110 γόρου
549 2030 582 2090 et
608 2023 685 2111 περὶ
707 2023 926 2109 Ἀναξαγόρου
957 2025 1085 2108 λέγεται
1114 2025 1218 2108 πολλὴ
1247 2024 1390 2109 ἀμαθία,
1418 2025 1507 2090 velut
1535 2025 1652 2092 iubae

418 2134 489 2217 ipsa
515 2137 607 2217 parte
631 2155 727 2217 quam
750 2136 925 2197 tractamus
949 2156 978 2217 p.
999 2133 1033 2216 3,
1054 2131 1094 2196 19
1125 2133 1228 2198 καλὸν
1251 2130 1305 2197 καὶ
1329 2131 1413 2218 μέγα
1435 2135 1652 2218 τεκμήριον

380 2282 405 2321 ,0
420 2243 563 2323 σοφίας
587 2249 645 2323 τῆς
667 2263 702 2305 τι
725 2248 868 2305 σεαυτοῦ
890 2237 946 2304 καί
968 2250 1037 2303 τῶν
1059 2248 1124 2304 νῦν
1146 2237 1351 2324 ἀνθρώπων,
1380 2239 1455 2304 ibid.
1475 2240 1518 2304 26
1542 2241 1652 2317 δοκεῖς

418 2348 521 2411 καλὸν
547 2349 761 2431 τεκμήριον
788 2345 990 2429 ἀποφαίνειν
1019 2343 1108 2430 περὶ
1137 2348 1280 2430 σοφίας
1307 2357 1375 2410 τῶν
1403 2355 1468 2412 νῦν
1495 2349 1547 2412 vel
1573 2345 1651 2412 Ione

417 2477 447 2538 p.
467 2453 520 2538 63,
539 2454 580 2516 27
605 2454 686 2518 ὅταν
707 2453 728 2536 ἡ
751 2453 813 2535 μὲν
836 2451 979 2538 ἑτέρων
1002 2453 1241 2536 πραγμάτων
1264 2444 1285 2537 ᾖ
1309 2451 1517 2538 ἐπιστήμη,
1541 2451 1649 2537 64,21

418 2563 450 2625 εί
481 2558 589 2644 ἑτέρα,
621 2558 710 2644 περὶ
744 2557 887 2645 ἑτέρων
915 2558 970 2624 καί
999 2557 1188 2643 ἐπιστήμη
1217 2559 1420 2644 πραγμάτων
1447 2557 1531 2642 ἐστί,
1565 2559 1651 2644 quod

418 2667 556 2750 scriptor
573 2667 689 2732 maluit
706 2678 774 2732 τῶν
790 2665 963 2752 προτέρων
976 2667 1065 2750 περὶ
1078 2664 1299 2749 Ἀναξαγόρου
1314 2666 1442 2750 λέγεται
1456 2689 1489 2732 π.
1503 2691 1544 2752 α.,
1562 2689 1650 2751 prae·

416 2772 494 2837 tulit
521 2773 608 2857 quod
635 2778 668 2838 et
694 2773 765 2859 ipsa
788 2773 966 2838 sententiae
990 2773 1094 2837 forma
1117 2773 1270 2838 suadebat
1294 2778 1326 2838 st
1350 2795 1432 2858 quae
1455 2775 1553 2858 paulo
1577 2778 1652 2858 post

417 2881 451 2944 in
483 2881 592 2946 eadem
625 2881 769 2946 oratione
801 2880 1016 2966 insequuntur
1047 2877 1092 2966 (p.
1111 2879 1146 2964 3,
1165 2879 1222 2966 25)
1252 2878 1386 2964 λέγουσι
1414 2881 1451 2946 δὲ
1479 2879 1533 2946 καί
1562 2881 1651 2966 περὶ

418 2987 532 3053 ἀλλων
553 2999 622 3053 τῶν
644 2993 795 3054 παλαιῶν
817 2987 912 3071 ἕτερα
934 2997 1079 3052 τοιαῦτα.

506 3093 573 3160 Καὶ
601 3105 704 3161 ταῦτα
730 3092 793 3180 μὲν
819 3095 939 3171 [κανῶς
962 3093 1074 3179 ἐχέτω,
1101 3095 1208 3178 inquit
1231 3091 1386 3160 Socrates.
1425 3092 1487 3160 Sed
1506 3097 1652 3180 superest

417 3205 455 3266 ut
480 3203 755 3284 molestissimam,
787 3224 882 3286 qnam
911 3201 1119 3266 Heindorfius
1152 3202 1247 3284 dixit,
1280 3202 1482 3267 iterationem
1510 3201 1651 3266 nominis

377 3350 404 3389 ,0
418 3310 661 3395 perpendamus,
685 3331 766 3395 qnae
789 3313 839 3375 est
861 3309 895 3373 in
919 3331 957 3375 eo
981 3309 1068 3395 qnod
1092 3330 1173 3394 quae
1191 3331 1267 3373 vera
1285 3331 1354 3375 esse
1373 3308 1566 3375 arbitramur
1583 3319 1652 3375 τῶν

416 3418 480 3499 γὰρ
512 3416 684 3502 προτέρων
714 3414 802 3501 περὶ
830 3415 1092 3503 Ἀναξαγόρου
1123 3416 1250 3500 λέγεται
1277 3416 1383 3500 πολλὴ
1411 3416 1539 3502 ἀμαθία
1567 3416 1650 3483 exci-

416 3524 552 3607 piuntur
585 3523 625 3587 ab
657 3523 709 3588 his
740 3524 940 3589 τούναντίον
971 3526 1034 3609 γάρ
1063 3521 1305 3609 Ἀναξαγόρᾳ
1337 3524 1442 3607 φασίν
1474 3526 1650 3607 συμβῆναι.

417 3628 487 3705 Qua
514 3651 548 3694 re
573 3630 712 3696 maxime
735 3632 832 3696 ceteri
855 3652 984 3715 quoqne
1008 3630 1137 3697 adducti
1160 3630 1324 3714 videntur,
1351 3635 1387 3696 ut
1411 3630 1555 3695 addendo
1579 3652 1650 3715 pec-

417 3742 525 3816 catum
553 3758 622 3801 esse
649 3741 829 3823 arguerent.
864 3736 978 3823 Neque
1006 3760 1161 3824 negamus
1188 3738 1333 3822 potuisse
1356 3742 1431 3823 apte
1454 3736 1551 3804 scribi
1574 3737 1649 3803 τού-

417 3847 555 3909 ναντίον
582 3845 645 3928 γὰρ
673 3845 777 3933 αὐτῷ
805 3864 910 3928 φασιν
938 3847 1120 3929 συμβῆναι,
1150 3866 1343 3929 quamquam
1366 3844 1399 3909 id
1424 3866 1553 3929 quoque
1576 3844 1651 3909 dan·

417 3949 494 4015 dnm
517 3955 579 4034 est,
603 3952 631 4016 si
654 3956 728 4017 ante
751 3953 876 4017 nullum
900 3956 969 4017 erat
992 3950 1204 4037 Anaxagorae
1227 3973 1343 4017 nomen
1367 3955 1399 4016 et
1422 3950 1501 4017 baec
1524 3954 1650 4017 tantum

418 4058 650 4142 praecedebant
676 4071 744 4125 τῶν
772 4061 835 4143 γὰρ
858 4058 1030 4144 προτέρων
1053 4057 1181 4143 λέγεται
1205 4060 1311 4141 πολλὴ
1336 4058 1478 4143 ἀμαθία,
1507 4057 1651 4123 ordinem

418 4164 641 4231 invertendum
669 4171 702 4231 et
725 4165 936 4253 Anaxagoras
962 4166 1085 4231 nomini
1109 4166 1248 4251 primum
1272 4165 1378 4231 locum
1403 4166 1436 4229 in
1460 4168 1560 4231 altera
1582 4186 1651 4231 sen·

418 4272 519 4363 tentia
551 4272 689 4337 dandum
717 4274 832 4356 inisse,
858 4270 1058 4357 Ἀναξαγόρᾳ
1085 4273 1147 4355 γάρ
1175 4272 1388 4355 τούναντίον,
1420 4272 1506 4356 quod
1533 4293 1649 4337 nomen

377 4418 403 4457 η,
417 4400 503 4444 nunc
530 4379 599 4443 sine
626 4379 767 4464 pondere
795 4383 827 4443 et
855 4378 924 4444 sine
950 4378 983 4443 vi
1012 4376 1078 4443 ulla
1102 4378 1328 4464 interpositum
1353 4384 1409 4445 ert.
1447 4378 1511 4444 Sed
1534 4379 1573 4443 de
1596 4402 1651 4444 no

418 4485 560 4550 minibus
583 4486 724 4569 propriis
747 4486 864 4570 positis
886 4490 942 4551 ant
966 4484 1095 4551 omissis
1117 4508 1234 4573 magna
1257 4484 1445 4551 diiudicatio
1468 4490 1531 4571 est,
1553 4507 1649 4572 quam

418 4590 441 4653 ii
469 4612 535 4655 non
562 4591 642 4656 satis
669 4596 755 4656 recte
784 4596 896 4657 taxant
923 4593 979 4678 qui
1007 4614 1073 4657 non
1099 4594 1267 4677 explorato
1291 4594 1483 4678 scriptorum
1507 4616 1567 4659 usu
1590 4616 1650 4659 sno

418 4697 644 4781 qualicumque
672 4720 767 4763 sensu
795 4704 941 4765 veterum
968 4722 1074 4765 mores
1103 4721 1214 4786 regere
1238 4701 1380 4785 cupiunt
1420 4698 1518 4767 Velut
1541 4700 1575 4765 in
1599 4699 1649 4767 his

506 4928 554 4995 *8)
573 4926 615 4981 De
629 4927 758 4998 genetivo
773 4928 907 4998 partitive
922 4947 986 4983 cnm
1001 4929 1120 4997 dicatur,
1139 4928 1208 4997 quid
1223 4932 1300 4983 vetat
1315 4928 1397 4983 serbo
1413 4928 1563 4985 defendere
1577 4944 1649 4998 quae

417 5015 550 5086 leguntur
567 5016 598 5070 in
616 5016 701 5087 Hipp.
717 5017 782 5071 mai.
797 5035 824 5087 p.
840 5024 870 5085 t,
885 5024 918 5071 21
945 5016 1065 5089 Γοργίας
1087 5038 1116 5073 τε
1140 5017 1193 5087 γάρ
1212 5014 1294 5080 οὗτος
1312 5016 1327 5072 ό
1346 5024 1497 5081 Λεοντῖνος
1516 5016 1650 5089 σοφιστὴς

417 5106 501 5173 δεῦρο
524 5104 642 5173 ἀφίκετο
666 5104 788 5180 δημοσίᾳ
811 5106 929 5161 οίιιοθεν
952 5104 1126 5178 πρεσβείων,
1149 5106 1187 5170 ὡς
1205 5106 1378 5169 ἱκανώτατος
1396 5104 1436 5161 ὢν
1454 5104 1649 5163 Λεοντίνων

417 5194 453 5248 τὰ
475 5194 559 5250 κοινά
581 5195 727 5263 τράπετο,
755 5213 789 5251 ex
812 5196 915 5264 quibus
938 5196 1091 5250 Schanzius
1114 5194 1273 5251 Λεοντίνων
1296 5196 1428 5251 exclnsIt:
1458 5212 1513 5265 quo
1537 5196 1650 5251 nomine

417 5283 490 5339 nihil
513 5285 607 5353 aptius
633 5288 706 5352 erat,
729 5284 754 5339 si
775 5285 890 5354 quidem
910 5284 1028 5356 Gorgias
1047 5301 1103 5339 non
1122 5284 1309 5355 peritissimus
1328 5286 1457 5341 universe
1475 5286 1525 5341 sed
1543 5286 1649 5341 Leon·

418 5373 567 5429 tinorum
585 5374 766 5444 popularium
784 5390 898 5428 suornm
917 5374 1104 5443 peritissimus
1123 5374 1163 5429 rei
1182 5372 1314 5444 publicae
1332 5375 1472 5444 gerendae
1491 5373 1604 5431 dIcitnr.
