3925 6675
489 1107 788 1158 OBSERVATIONES
808 1107 977 1158 CRITICAE
995 1108 1035 1157 IN
1055 1106 1254 1158 SOPHOCLIS
1273 1107 1477 1158 ELECTRAM.
1537 1106 1602 1169 159

361 1268 419 1333 sed
450 1269 509 1352 qui
535 1268 637 1334 libero
666 1270 786 1350 animo,
817 1291 883 1332 non
911 1253 1168 1334 coniecturarum
1196 1268 1331 1333 libidine
1362 1274 1514 1353 corrupto
1543 1269 1602 1334 has

360 1375 550 1461 tragoedias
575 1377 764 1460 perlustrat,
795 1398 868 1440 eum
895 1360 962 1439 non
988 1378 1096 1458 potest
1123 1377 1310 1460 praeterire,
1336 1380 1448 1460 poetas
1475 1398 1542 1441 non
1569 1377 1604 1440 id

360 1505 461 1569 agere
483 1487 523 1547 nt
547 1505 643 1567 quam
666 1484 852 1567 parcissime
876 1503 988 1547 sensus
1011 1487 1162 1567 promant
1181 1483 1237 1547 sed
1255 1488 1422 1548 venustam
1442 1483 1602 1567 quandam

360 1592 546 1655 ubertatem
577 1591 731 1674 loquendi
763 1591 892 1672 sectari,
924 1611 1006 1674 quae
1034 1593 1071 1653 ut
1097 1613 1148 1655 res
1175 1595 1209 1654 et
1236 1612 1388 1673 personas
1419 1591 1528 1655 deceat
1556 1590 1602 1655 ita

361 1697 551 1762 auditorum
574 1718 667 1760 aures
691 1697 778 1761 dulci
801 1718 917 1760 sonore
939 1695 1146 1780 permulceat.

456 1805 486 1867 2.
518 1801 558 1868 In
581 1803 691 1868 eadem
714 1824 862 1868 sororum
886 1805 1133 1886 concertatione,
1155 1803 1189 1867 in
1213 1826 1250 1868 ea
1272 1809 1362 1888 parte
1382 1827 1446 1888 qua
1465 1802 1602 1888 Chryso-

359 1911 483 1977 themis
507 1910 548 1975 ab
568 1910 680 1974 audaci
698 1911 829 1994 incepto
847 1909 1010 1975 Electram
1031 1909 1194 1974 dehortari
1213 1911 1260 1975 sic
1278 1915 1315 1975 ut
1332 1915 1441 1996 potest
1459 1915 1601 1993 conatur,

359 2018 438 2084 inde
462 2041 482 2082 a
505 2040 534 2082 τ.
557 2017 643 2082 1003
666 2017 745 2082 haec
768 2017 928 2104 leguntur.

581 2125 642 2206 ὅρα
664 2135 773 2200 κακῶς
794 2124 980 2206 πράσσοντε
1003 2126 1047 2208 μὴ
1070 2128 1166 2206 μείζω
1191 2126 1274 2189 κακά

580 2229 781 2315 κτησώμεθ’,
804 2237 838 2295 εἰ
857 2254 907 2306 τις
929 2229 1050 2295 τούσδ’
1072 2229 1249 2296 ἀκούσεται
1273 2234 1402 2315 λόγους.
1616 2264 1645 2303 10

325 2368 344 2423 ς
450 2338 536 2404 1005
584 2338 655 2403 λύει
678 2339 741 2421 γάρ
765 2336 850 2421 ἡμᾶς
873 2333 974 2402 οὐδὲν
998 2335 1070 2402 οὐδ’
1098 2337 1264 2422 ἐπωφελεῖ

580 2445 678 2529 βάξιν
700 2445 805 2526 καλὴν
828 2446 966 2527 λαβόντε
990 2446 1158 2520 δυσκλεῶς
1181 2450 1310 2509 θανεῖν.

581 2552 622 2616 οὐ
646 2551 709 2635 γάρ
732 2555 854 2614 θανεῖν
876 2546 1051 2634 ἔχθιστον,
1075 2550 1148 2615 ἀλλ’
1177 2551 1257 2615 ὅταν
1280 2557 1400 2616 θανεῖν

581 2655 708 2742 χρῄζων
731 2681 780 2733 τις
803 2649 873 2721 εἶτα
894 2653 977 2740 μηδὲ
1004 2655 1090 2722 τοῦτ’
1117 2654 1175 2743 ἔχῃ
1200 2660 1323 2740 λαβεῖν.

364 2766 401 2832 In
415 2767 569 2832 extremis
583 2765 710 2830 duobus
724 2764 879 2848 versibus,
895 2763 1014 2848 quibus
1029 2764 1088 2828 Ad.
1098 2763 1266 2828 Michaelis
1283 2764 1470 2829 insanabilis
1485 2767 1600 2852 plagae

366 2880 474 2939 notam
498 2871 659 2958 praefixit,
681 2873 785 2935 multa
807 2874 965 2954 temptata
988 2875 1063 2934 sunt
1087 2894 1105 2935 a
1129 2871 1241 2955 doctis,
1264 2871 1395 2935 fuerunt
1419 2874 1515 2936 etiam
1535 2874 1601 2957 qui,

371 3002 447 3064 quae
478 2983 528 3044 est
561 2977 737 3043 multorum
765 2977 861 3042 hodie
888 2977 963 3041 diva
992 2978 1175 3062 Πανάκεια,
1208 2977 1268 3041 hos
1297 2978 1377 3042 duos
1406 3001 1516 3044 versus
1546 2984 1602 3044 aut

374 3085 490 3174 solos*)
518 3090 575 3151 aut
603 3107 675 3149 cum
703 3084 851 3170 pluribus
879 3083 1031 3148 delendos
1056 3104 1125 3148 esse
1148 3084 1211 3149 sibi
1233 3084 1467 3169 persuaderent.
1511 3084 1600 3163 Quos

376 3214 489 3278 versus,
521 3193 557 3256 in
588 3192 705 3276 quibus
738 3192 928 3275 interpretes
961 3193 1088 3254 nostros
1123 3191 1177 3255 vix
1209 3191 1275 3254 ulla
1302 3195 1394 3277 parte
1422 3193 1600 3277 explevisse

323 3367 324 3376 ς
379 3319 483 3366 nunus
506 3321 600 3365 suum
623 3298 724 3382 dicas,
748 3299 825 3363 olim
849 3299 1006 3382 interpres
1031 3295 1169 3363 Graecus
1193 3299 1239 3364 ita
1262 3298 1429 3384 explicuit,
1457 3299 1540 3365 nihil
1563 3305 1601 3366 nt
1614 3333 1644 3373 ιο

384 3404 581 3473 dubitationis
600 3429 767 3491 superesse
785 3405 939 3487 videatur,
959 3404 1035 3489 quin
1057 3409 1089 3469 et
1108 3410 1193 3470 recte
1213 3410 1245 3470 et
1264 3428 1322 3470 suo
1336 3408 1408 3472 loco
1423 3406 1507 3472 elata
1521 3408 1601 3473 haec

386 3516 524 3579 ouantia
538 3515 590 3579 sit.
610 3513 672 3591 Qui
686 3515 825 3598 primum
841 3512 880 3576 ad
892 3511 1009 3598 (1006)
1025 3512 1192 3589 δυσκλεῶς
1206 3520 1327 3577 θανεῖν
1340 3514 1419 3578 haec
1433 3515 1600 3580 adnotavit

390 3617 515 3687 ἐνταῦθα
539 3623 637 3705 δηλοῖ
658 3624 696 3687 τὸ
720 3618 788 3704 μετ’
811 3623 948 3703 αἰσχρᾶς
966 3621 1125 3705 τιμωρίας
1144 3620 1338 3685 ἀποθανεῖν.
1375 3619 1430 3685 καὶ
1444 3619 1599 3705 Ὅμηρος·

391 3722 432 3809 ’μὴ
446 3731 507 3812 μὴν
525 3729 567 3811 δὴ
587 3734 726 3815 καθαρῷ
742 3727 878 3813 θανάτῳ
898 3725 961 3791 ἀπὸ
981 3728 1095 3810 θυμὸν
1115 3724 1269 3810 ἑλοίμην.
1290 3726 1411 3792 Versus
1427 3749 1507 3813 quos
1522 3728 1601 3793 dicit

393 3826 526 3915 Odysseae
541 3832 631 3921 (xxn
642 3832 733 3921 462),
748 3835 866 3918 quibus
881 3833 1018 3897 refertur
1032 3832 1241 3897 Telemachus
1256 3834 1290 3897 in
1304 3835 1416 3918 δμωὰς
1430 3835 1600 3899 sceleratas

395 3942 517 4025 omnique
544 3963 650 4027 poena
677 3940 791 4026 dignas
815 3939 893 4023 quid
916 3940 1120 4003 constituerit
1143 3962 1183 4003 ne
1206 3940 1280 4005 illae
1304 3948 1442 4030 καθαρῷ
1462 3943 1598 4028 θανάτῳ

396 4038 474 4124 (mera
489 4047 605 4135 morte)
624 4049 768 4133 perirent
786 4047 840 4111 sed
861 4052 897 4110 ut
916 4047 1034 4111 dicitur
1052 4070 1081 4110 v.
1096 4048 1161 4110 472
1182 4047 1269 4123 ὅπως
1284 4054 1431 4112 οἴκτιστα
1446 4048 1597 4125 θάνοιεν,

397 4159 503 4228 ponunt
529 4155 649 4220 indicio
672 4177 754 4237 esse,
782 4155 876 4237 quale
899 4176 1002 4238 genus
1025 4154 1112 4218 necis
1137 4153 1379 4238 Chrysothemis
1404 4155 1464 4219 sibi
1491 4156 1598 4219 auimo

397 4252 588 4326 informaverit
611 4283 684 4326 cum
708 4261 794 4326 dicat
816 4262 984 4337 δυσκλεῶς
1002 4267 1131 4325 θανεῖν.
1169 4260 1256 4325 Ηοεο
1275 4267 1380 4326 autem
1401 4284 1482 4346 quae
1502 4264 1600 4327 sentit

398 4380 445 4441 qno
463 4371 557 4454 magis
579 4370 615 4434 in
632 4370 705 4433 luce
723 4372 885 4452 ponantur
904 4367 1066 4431 subnectit
1083 4367 1140 4432 illa
1158 4369 1198 4433 οὐ
1218 4370 1281 4453 γάρ
1300 4374 1422 4434 θανεῖν
1439 4366 1599 4453 ἔχθιστον
1613 4404 1641 4444 ³0

397 4474 448 4533 θλ
471 4471 606 4550 Quorum
622 4476 814 4541 sententiam
829 4474 1001 4539 scholiasta
1017 4473 1154 4540 Graecus
1168 4476 1201 4538 iu
1216 4475 1302 4539 huuc
1315 4477 1445 4541 modum
1461 4476 1599 4540 reddidit

400 4570 489 4664 (1008)
518 4576 587 4647 εἶτα
616 4578 699 4667 μηδὲ
727 4580 817 4647 τοῦτ’
848 4577 920 4667 ἔχῃς
953 4581 995 4645 οὐ
1022 4582 1059 4645 τὸ
1088 4591 1148 4645 τοῦ
1177 4583 1328 4646 θανάτου
1357 4585 1470 4647 δεινόν
1497 4581 1599 4663 ἐστιν,

399 4676 452 4745 ἀλλ’
474 4686 545 4754 ὅταν
568 4688 745 4771 ἐπιθυμῶν
766 4712 817 4764 τις
840 4687 1041 4770 ἀποθανεῖν,
1070 4689 1151 4753 ὥστε
1175 4691 1233 4765 τὰς
1255 4689 1426 4772 παρούσας
1448 4690 1600 4765 κολάσεις

400 4781 541 4879 housia
568 4799 641 4861 τότε
668 4792 751 4879 μηδὲ
778 4795 900 4859 τούτου
928 4795 1020 4879 τύχῃ.
1053 4804 1188 4860 τοιαῦτα
1216 4792 1278 4861 οὖν
1303 4799 1487 4877 πεισόμεθα
1510 4790 1598 4860 ὧνὸ

399 4893 516 4977 θάνατος
542 4902 765 4985 αἱρετώτερος.
802 4900 889 4977 Quae
917 4901 1087 4985 perspicua
1115 4906 1189 4965 sunt
1217 4907 1249 4965 et
1275 4902 1362 4966 hunc
1390 4904 1597 4985 interpretem

323 5033 324 5040 ¹
399 4999 510 5078 probant
533 5030 570 5072 ea
596 5007 757 5093 explicare
784 5029 866 5091 quae
889 5009 1011 5092 scripta
1033 5011 1109 5072 sunt
1131 5010 1165 5072 in
1188 5008 1288 5072 libris.
1330 5008 1381 5072 Ab
1405 5009 1467 5073 hoc
1491 5012 1596 5071 autem

435 5118 580 5134 5—-

468 5178 523 5251 ’18)
540 5182 621 5249 Quod
639 5202 662 5238 v.
679 5188 747 5238 1007
768 5184 798 5237 in
817 5183 913 5237 codice
927 5182 1117 5236 Laurentiano
1136 5183 1265 5250 omissus,
1283 5202 1300 5236 a
1315 5185 1468 5237 correctore
1483 5181 1597 5234 additus

399 5263 441 5356 011,
456 5267 520 5324 auus
536 5273 576 5326 rai
594 5288 680 5326 causa
698 5273 817 5341 apparat
836 5272 945 5325 duobus
964 5272 1105 5325 continuis
1124 5272 1249 5326 versibus
1263 5274 1293 5325 in
1308 5272 1426 5325 eandem
1440 5287 1535 5324 vocem
1550 5269 1597 5323 de-

399 5354 535 5426 Μῶμε,
551 5360 618 5415 inde
637 5362 672 5415 de
691 5362 800 5430 origine
820 5376 946 5414 versuum
967 5360 1098 5415 concludi
1116 5361 1188 5414 nihil
1208 5364 1310 5429 potest.
