3925 6675
550 1151 648 1202 sucu
665 1153 715 1202 DE
733 1151 934 1204 COMOEDIIS
952 1152 1144 1204 PLAUTINIS
1163 1152 1339 1203 MEMORIA.
1494 1151 1558 1215 401

417 1312 481 1378 Sed
507 1315 541 1377 in
568 1313 635 1398 his,
666 1334 748 1397 quae
775 1335 842 1378 non
869 1334 1025 1398 negamus
1053 1313 1132 1376 scite
1160 1335 1228 1378 esse
1257 1314 1454 1400 excogitata,
1486 1319 1562 1380 sunt

324 1426 436 1484 tamen
455 1443 537 1504 quae
555 1443 669 1504 parum
688 1419 900 1504 probabiliter
918 1419 1076 1504 disputari
1096 1420 1189 1484 nobis
1209 1419 1385 1484 videantur.
1422 1419 1505 1485 Nam
1526 1425 1562 1485 ut

325 1529 493 1592 mittamus
521 1529 649 1592 iuterim
677 1549 759 1612 quae
786 1527 841 1592 ille
869 1527 908 1591 de
936 1527 1081 1612 prologis
1109 1525 1267 1592 Plautinis
1296 1528 1400 1612 magis
1424 1528 1562 1613 sumpsit

327 1657 424 1718 quam
452 1634 615 1719 probavit,
645 1657 741 1718 quam
768 1633 898 1698 tertium
926 1634 1062 1698 classem
1092 1633 1272 1698 fabularum
1300 1633 1416 1700 Plauto
1444 1634 1562 1700 iniuria

325 1741 560 1825 adscriptamm
588 1762 657 1804 esse
685 1741 794 1822 iussit,
825 1761 863 1804 ea
890 1739 1052 1823 quomodo
1081 1739 1186 1805 verbis
1215 1740 1366 1806 distincta
1394 1741 1449 1824 sit,
1478 1745 1516 1806 ut
1544 1765 1562 1806 a
1621 1751 1625 1757 '

326 1846 455 1933 legente
486 1851 571 1912 recte
604 1847 793 1931 accipiatur,
825 1847 1018 1932 ambigimus
1050 1869 1109 1910 nec
1141 1847 1219 1912 satis
1249 1851 1337 1912 certo
1366 1847 1562 1932 dispicimus.

327 1953 430 2018 Cuius
453 1956 499 2018 rei
519 1974 646 2018 causam
666 1952 753 2038 quod
771 1953 837 2018 Leo
856 1954 884 2018 si
902 1958 989 2018 recte
1007 1954 1218 2039 intelligimus
1238 1977 1256 2020 a
1275 1975 1391 2040 genere
1410 1954 1562 2039 loquendi

327 2060 553 2126 artificiosiore
576 2060 782 2145 repetendam
806 2061 908 2144 duxit,
934 2060 972 2124 de
997 2061 1178 2126 elocutione
1200 2083 1260 2126 nos
1283 2083 1374 2126 secus
1398 2062 1562 2129 sentimus.

328 2166 546 2232 Artificiosum
581 2169 667 2231 enim
693 2166 778 2232 hauc
804 2189 874 2232 esse
902 2168 1080 2232 orationem
1109 2171 1165 2232 aut
1192 2167 1323 2232 insolita
1351 2167 1562 2234 collocatione

327 2274 500 2339 verborum
528 2275 687 2361 insignem
715 2279 840 2339 tantum
869 2275 960 2339 abest
982 2279 1020 2337 ut
1043 2273 1254 2340 concedamus
1279 2280 1315 2339 ut
1337 2275 1419 2340 nihil
1442 2276 1562 2358 simpli·
1578 2302 1604 2342 ιο

328 2381 399 2446 cius
423 2403 491 2446 esse
513 2380 574 2446 hac
598 2382 756 2446 sententia
778 2403 875 2466 posse
898 2383 1104 2446 affirmemus.
1141 2379 1225 2446 Nam
1249 2402 1321 2446 eum
1344 2381 1422 2446 haec
1443 2383 1565 2449 diceret

329 2487 449 2554 Accius
471 2509 527 2552 nec
551 2487 682 2554 Gnnini
703 2488 825 2554 mortes
847 2509 902 2554 nee
925 2487 1112 2554 Condalium
1137 2509 1192 2553 nec
1215 2489 1308 2554 Amce
1329 2509 1384 2554 nec
1406 2489 1467 2558 Bis
1485 2510 1565 2556 com·

322 2615 437 2678 pressa
463 2615 519 2660 nec
541 2595 669 2660 Boeotio
695 2595 808 2660 Plauti
828 2617 978 2677 nmquam
1004 2596 1080 2677 fnit,
1109 2595 1267 2679 prolixam
1291 2597 1564 2661 enumerationem

329 2701 511 2767 fabularum
535 2701 569 2766 in
593 2701 671 2766 duas
695 2704 793 2767 series
817 2702 978 2787 disposuit
1001 2724 1101 2785 paene
1124 2723 1227 2786 pares,
1251 2707 1287 2766 ut
1310 2725 1368 2766 sua
1389 2703 1428 2766 ad
1448 2707 1565 2768 utram·

330 2831 395 2892 que
418 2810 531 2874 seriem
554 2830 630 2894 pars
653 2809 837 2892 praedicati,
860 2810 947 2892 quod
970 2831 1069 2874 unum
1095 2813 1144 2874 est
1168 2808 1223 2872 sed
1246 2809 1324 2873 item
1344 2809 1378 2873 in
1397 2808 1475 2874 duas
1494 2832 1565 2894 par-

328 2916 446 2980 ticulas
477 2914 702 2998 distributum,
734 2919 908 3000 aptaretur.
950 2915 1043 2980 Unde
1075 2915 1155 2981 haec
1187 2919 1263 2980 nata
1293 2920 1342 2979 est
1376 2915 1478 2980 oratio
1510 2935 1565 2980 nee

330 3022 461 3088 Gemini
484 3022 606 3088 lenem
626 3042 683 3087 nee
702 3021 892 3087 Condalium
914 3043 970 3086 nec
992 3023 1085 3088 Anne
1105 3022 1216 3088 Pmm
1238 3041 1293 3087 nee
1310 3021 1371 3088 Bis
1394 3043 1566 3104 commeasse

328 3150 384 3194 nec
405 3129 536 3195 Boeotm
557 3149 706 3210 nmmeam
728 3130 801 3210 fnit.
839 3129 920 3194 llam
943 3133 1051 3194 autem
1076 3129 1233 3194 orationis
1254 3129 1401 3211 formam,
1424 3127 1567 3214 quade

331 3237 417 3300 cium
444 3257 539 3300 usum
566 3235 725 3318 ridemus,
752 3241 938 3301 consuetam
967 3237 1123 3300 sermonis
1146 3235 1254 3300 Latini
1282 3239 1474 3302 structuram
1498 3257 1566 3302 esse

330 3344 550 3428 exemplorum
577 3344 656 3407 fides
681 3365 762 3427 quae
785 3367 861 3409 mox
885 3344 1058 3409 afferentur
1080 3344 1240 3429 probabit.
1278 3342 1411 3409 Interim
1434 3343 1496 3408 hoc
1521 3344 1566 3408 di·
1581 3370 1607 3409 ro

295 3452 434 3523 scimus
461 3450 580 3515 mirum
608 3472 677 3514 esse
705 3453 863 3515 neminem
894 3452 1051 3533 omnium,
1080 3450 1135 3534 qui
1162 3449 1213 3515 his
1238 3450 1343 3515 verbis
1367 3450 1567 3515 stabiliendis

331 3578 461 3642 operam
484 3562 652 3640 navamnt,
675 3580 777 3643 genus
800 3562 980 3623 structurae
1000 3562 1085 3623 recte
1104 3557 1299 3640 aestimasse,
1321 3561 1449 3641 praeter
1467 3580 1567 3621 unum

332 3664 469 3729 fortasse
492 3663 700 3751 Madvigium,
725 3665 779 3748 qui
804 3669 889 3730 certe
913 3664 1071 3729 abstinuit
1094 3664 1204 3748 inepta
1222 3664 1483 3749 interpunctione
1502 3686 1566 3747 qua

330 3774 429 3836 ceteri
453 3772 513 3854 nsi,
535 3793 608 3837 eum
632 3775 708 3855 post
731 3771 844 3836 Plauti
866 3771 1112 3856 distinguerent,
1136 3771 1291 3837 orationis
1314 3772 1449 3836 formum
1471 3793 1567 3854 quam

331 3969 471 4036 Agroecus
492 3966 552 4019 und
575 3965 783 4020 Commorientes
803 3966 921 4018 Maeci·
937 3965 1013 4017 Titi.
1048 3965 1090 4017 Es
1112 3964 1177 4017 sind
1196 3964 1378 4033 Kategoriem
1402 3964 1447 4017 die
1466 3964 1567 4018 Accius

330 4054 417 4110 duret
437 4054 481 4109 die
499 4054 610 4109 Numen
628 4054 689 4106 med
706 4054 765 4107 dire
783 4052 906 4122 Stednnp
925 4054 1082 4117 teeeiebnet,
1100 4060 1181 4107 etwas
1194 4053 1312 4121 omnem,
1330 4054 1380 4106 ieie
1393 4070 1459 4106 man
1473 4069 1567 4107 esven

331 4145 387 4199 un
410 4150 543 4199 astarten
566 4160 647 4197 ennae.
680 4142 725 4196 Er
747 4150 809 4213 sapt
831 4142 930 4195 domim
955 4140 1072 4211 obpleiet
1096 4142 1140 4195 die
1159 4146 1176 4196 3
1194 4140 1291 4197 stude
1310 4140 1503 4195 amdrdctlict
1521 4142 1567 4195 des

332 4232 455 4287 Plautus
479 4234 537 4287 rand
554 4233 599 4287 die
617 4232 712 4286 beiden
730 4232 838 4286 andern
856 4231 902 4285 des
921 4232 1037 4285 Maccus
1060 4230 1139 4285 Titus
1157 4232 1274 4297 iecissem,
1296 4230 1361 4283 sind
1379 4226 1504 4285 sie'doct
1522 4232 1568 4284 nie

331 4338 384 4375 oon
409 4322 463 4376 itm
485 4338 617 4391 penetrem
642 4338 751 4376 moruus
768 4321 850 4391 folet,
874 4321 939 4375 duee
957 4337 987 4374 er
1005 4320 1049 4373 die
1068 4320 1182 4389 Prolope
1200 4320 1250 4385 fdr
1268 4320 1477 4387 nnpluntinisct
1494 4320 1567 4374 lrielt.

334 4410 514 4467 Dnsrcimten
527 4412 617 4465 amm
632 4411 700 4465 utne
713 4413 793 4464 einen
806 4427 859 4464 uon
873 4411 993 4465 Plautus
1008 4410 1117 4464 Numen
1133 4410 1186 4463 Bia
1199 4424 1351 4477 compressa
1366 4408 1424 4463 und
1438 4408 1569 4463 Boeotia:

331 4516 393 4553 nnn
410 4501 508 4554 diesen
525 4502 586 4565 wir,
604 4500 670 4553 duca
688 4500 733 4553 die
747 4501 863 4554 Boeotia
882 4502 968 4553 einem
987 4499 1107 4553 anderen
1122 4500 1236 4553 Dichter
1249 4498 1453 4567 rnpesebrieben
1467 4498 1568 4560 warde,

332 4588 393 4642 send
414 4588 459 4642 die
483 4589 537 4642 Bia
559 4605 711 4657 conspresau
734 4589 866 4642 erselreint
887 4588 1006 4658 niryend
1030 4587 1139 4653 nmder,
1162 4604 1189 4641 es
1213 4590 1248 4641 iet
1271 4588 1329 4641 oleo
1347 4588 1423 4641 nictit
1440 4587 1568 4641 nnruutr·

329 4678 486 4743 eclceintr‘clr,
505 4677 569 4731 dues
587 4678 627 4731 sie
644 4684 725 4731 unm
742 4677 796 4730 den
813 4678 996 4747 nnbeeenpten
1011 4693 1077 4731 war.
1106 4676 1142 4731 So
1157 4677 1273 4731 sctee'elet
1287 4693 1316 4731 er
1329 4677 1373 4731 die
1387 4677 1468 4731 mim
1483 4676 1568 4731 Kate-

331 4768 408 4837 pore‘e
426 4766 475 4820 der
492 4765 553 4819 mm
567 4767 687 4820 Plautus
704 4766 866 4819 willtdrliet
885 4766 1123 4835 sdpeeetriebenen
1142 4766 1202 4819 und
1219 4773 1284 4820 sem
1303 4766 1354 4819 dns
1367 4782 1519 4833 uniquam
1534 4782 1569 4819 sn

332 4854 439 4920 diesen,
463 4856 512 4909 nie
534 4855 616 4910 adeo
639 4871 674 4909 su
693 4856 831 4925 Aqroeeus
853 4854 913 4907 nnd
932 4853 1153 4919 Conrmorientes3
1176 4855 1235 4907 und
1258 4872 1323 4909 irrun
1346 4870 1421 4909 mdes
1438 4854 1569 4923 pesteten,

332 4944 399 4999 dues
420 4960 451 4997 er
473 4943 558 4999 duret
581 4944 641 4998 ciere
660 4944 802 5013 unpenrein
820 4944 971 4997 tdnstle'clre
994 4943 1189 5014 Wortstellnnp
1206 4944 1256 5009 setr
1274 4943 1326 4997 den
1346 4943 1441 5009 Leser,
1465 4943 1513 4996 der·
1533 4944 1569 4995 im

335 5034 573 5104 Zneummenlronp
595 5049 667 5099 war,
692 5034 737 5087 die
761 5030 916 5100 Sclesdnnp
939 5032 1056 5086 mentm
1080 5034 1201 5100 pemuclrt
1222 5032 1277 5087 tut.
1313 5033 1375 5086 Μὶν
1392 5034 1494 5086 εοὴοὺιι
1511 5031 1570 5085 dies

333 5122 419 5193 edilr'p
437 5122 592 5188 bercenend,
611 5122 671 5177 und
683 5139 710 5176 ee
728 5122 815 5193 erprbt
831 5122 888 5175 sicle
904 5122 1010 5177 durans
1024 5122 1134 5184 einmul,
1149 5122 1213 5175 dues
1227 5122 1275 5175 der
1290 5122 1428 5189 Amoenus
1441 5120 1499 5175 eett
1511 5137 1571 5173 war

333 5212 384 5266 vie
406 5212 452 5265 de'e
469 5210 554 5265 duret
576 5210 677 5265 Terens
696 5212 837 5279 besenqten
857 5210 1065 5264 Commorientes
1085 5252 1090 5263 .
1108 5230 1132 5277 .;
1155 5226 1217 5264 snm
1236 5210 1352 5275 andern,
1371 5210 1436 5263 dosa
1450 5209 1572 5263 Plauti

333 5300 422 5355 deden
444 5301 594 5371 rengestdlt
616 5302 684 5355 neele
705 5307 782 5355 sonet
798 5300 940 5369 corripient
957 5300 1064 5354 werden
1082 5300 1161 5366 dart}
1185 5299 1292 5353 endliet
1311 5297 1377 5351 dues
1396 5314 1447 5351 uon
1472 5298 1571 5351 Veraen

333 5388 395 5444 bier
411 5390 488 5444 letne
508 5390 583 5446 Rede
600 5390 675 5444 mem
691 5392 750 5444 ann
768 5390 851 5443 kann.

390 5488 517 5531 Vahlen
531 5488 642 5538 wuaeala
656 5489 687 5529 11·
1321 5478 1356 5529 26
