3925 6675
555 1137 606 1188 nn
622 1136 852 1188 mmrtnsnno
871 1135 1016 1186 amanen
1033 1135 1174 1186 anmals
1194 1133 1363 1187 ocnnvro
1526 1131 1589 1195 111

355 1305 596 1378 mearent,
614 1305 687 1363 ante
698 1299 915 1380 praedictam:
933 1299 980 1362 ita
992 1299 1155 1379 princeos
1174 1297 1343 1362 lacense
1360 1296 1598 1378 comprehendes

340 1412 457 1480 equam
479 1427 542 1472 ease
563 1408 696 1472 demas
717 1405 781 1469 fnit
804 1405 860 1488 qui
883 1426 949 1469 non
971 1405 1204 1487 comprehendes
1222 1403 1277 1469 sed
1296 1405 1500 1487 deprehendes
1518 1407 1593 1471 scri-

367 1509 465 1589 ptisse
490 1513 668 1578 Minucium
697 1514 898 1597 opinaretur,
925 1513 1109 1576 coniectura
1136 1533 1202 1575 non
1229 1511 1339 1595 inepta
1366 1516 1416 1576 est
1443 1513 1499 1576 sed
1525 1534 1593 1578 non

372 1621 544 1685 neoesnria.

454 1725 603 1792 Redimus
636 1726 723 1810 illuc,
755 1724 839 1789 unde
868 1725 1070 1789 defleximus:
1103 1725 1137 1790 in
1165 1725 1270 1810 eapite
1298 1726 1383 1789 enim
1411 1725 1468 1809 20,
1501 1727 1591 1790 cuius

382 1828 499 1907 punam
526 1833 719 1899 sententiam
750 1833 918 1896 emendare
951 1831 1059 1897 conati
1091 1854 1215 1914 sumus,
1248 1854 1330 1916 quae
1360 1832 1510 1917 deinceps
1540 1855 1592 1897 ex-

387 1944 532 2024 ponuntur,
550 1962 588 2004 ea
606 1939 855 2004 difficultatibus
869 1938 1061 2023 quibusdam
1075 1938 1279 2025 gravioribus
1298 1939 1456 2023 laborant,
1473 1940 1592 2024 partim

391 2042 484 2110 adm
503 2049 580 2112 vitio
605 2047 696 2130 ortis,
719 2046 791 2111 aliis
814 2046 998 2111 criticorum
1024 2066 1121 2129 opera
1143 2045 1255 2130 partis,
1283 2046 1339 2129 qui
1363 2046 1592 2130 disputationis

393 2144 441 2212 iter
457 2175 557 2236 parom
582 2154 755 2238 diligenter
777 2153 979 2216 attendentes
1005 2151 1128 2236 decepti
1147 2151 1305 2234 videntur,
1328 2157 1365 2216 ut
1388 2154 1484 2218 etiam
1510 2175 1592 2237 quae

395 2262 584 2336 annuerant
606 2262 694 2325 ultro
718 2261 933 2325 obscurarent.
980 2258 1068 2336 Quae
1096 2260 1235 2345 primum
1259 2259 1344 2324 infra
1371 2260 1522 2344 ponimus
1546 2263 1592 2326 sic
1607 2281 1641 2321 ro

394 2360 432 2424 uti
449 2366 599 2432 scribenda
621 2389 692 2431 esse
715 2367 869 2431 ducimus.

501 2475 614 2555 Quodsi
629 2475 831 2556 procidentia
853 2475 991 2538 mendas
1012 2475 1129 2556 repitar
1152 2480 1180 2538 et
1200 2477 1296 2539 anias
1318 2476 1369 2539 dei
1392 2480 1470 2539 natm
1486 2475 1594 2557 mtter-

498 2588 601 2659 mar,
632 2601 697 2646 non
728 2601 785 2646 nos
815 2581 899 2645 elebat
930 2581 1104 2663 antiquitas
1135 2583 1350 2662 imperitorum
1375 2581 1500 2662 fabellis
1526 2585 1594 2646 sais

499 2689 640 2752 ddedala
663 2687 711 2752 ael
733 2694 825 2769 capta
847 2689 892 2752 ad
913 2709 1047 2753 errorem
1070 2690 1171 2752 matai
1192 2709 1303 2770 rapae
1325 2709 1495 2766 conseanm,
1523 2709 1592 2753 enni

495 2795 741 2878 philosophorum
765 2816 892 2860 cuonem
915 2798 1074 2860 sententiis
1095 2795 1263 2876 refellatur,
1286 2795 1397 2876 anilia
1413 2803 1441 2859 et
1458 2798 1593 2861 rationis

445 2894 462 2957 5
499 2904 708 2967 medietatis
734 2904 860 2967 adsistit
889 2905 1066 2966 audacitas.
1112 2909 1140 2965 3.
1164 2902 1347 2966 Maiam‘tns
1372 2905 1455 2966 enim
1477 2905 1593 2967 nostris

499 3015 558 3073 tam
587 3008 697 3091 saeclis
725 3011 760 3073 in
789 3011 963 3074 niendacics
991 3010 1070 3092 fides
1098 3011 1174 3090 fait,
1203 3015 1239 3072 nt
1267 3015 1376 3073 temem
1404 3010 1594 3074 crediderint

499 3118 587 3180 etiam
611 3116 680 3181 alia
702 3123 905 3198 nemmem,
929 3137 1015 3181 mera
1038 3116 1202 3194 miracala,
1225 3115 1363 3198 Scyllam
1382 3117 1591 3198 multiplicem,

501 3222 696 3288 (timueram
729 3223 963 3304 multiformem,
1000 3229 1028 3287 et
1059 3222 1207 3305 Hydram
1237 3223 1380 3304 felicibus
1415 3223 1593 3287 calamitas

499 3337 700 3395 renascentem
723 3337 751 3394 et
775 3329 945 3395 llentaaros
967 3351 1058 3412 equos
1079 3332 1146 3396 anis
1172 3330 1349 3395 imminibm
1374 3330 1537 3413 asplenos,
1564 3338 1593 3395 et
1606 3356 1640 3398 ao

432 3426 464 3489 10
499 3438 643 3520 qaicaaicl
657 3438 766 3519 fainae
783 3438 854 3501 licet
869 3439 993 3519 firmare,
1012 3438 1078 3501 illis
1095 3444 1163 3501 crat
1180 3437 1307 3502 latenter
1325 3439 1452 3514 andire·
1471 3442 1501 3500 4.
1515 3439 1593 3519 qaid

499 3544 568 3608 illas
590 3544 692 3611 aniles
711 3544 847 3625 fatale,
873 3545 912 3609 de
937 3544 1114 3609 haminibus
1136 3565 1208 3609 aces
1234 3546 1369 3625 etseras
1387 3569 1404 3603 e
1420 3569 1435 3602 s
1454 3545 1593 3609 homines

498 3654 582 3716 etde
603 3652 781 3716 haminibus
807 3652 932 3716 arborea
958 3658 1049 3733 atqae
1077 3651 1190 3732 flores?
1222 3672 1301 3732 qaae
1323 3653 1352 3715 si
1375 3657 1472 3716 essent
1496 3653 1591 3732 iacta

497 3760 618 3839 fierent·
652 3761 728 3841 qaia
755 3760 826 3841 fieri
853 3780 916 3822 non
937 3765 1082 3840 poseant,
1110 3759 1178 3822 idea
1206 3759 1278 3842 [nec
1306 3758 1402 3842 fiunt]
1431 3779 1485 3822 nec
1505 3761 1592 3839 facta

497 3873 573 3930 sunt.
611 3868 639 3930 5.
659 3864 813 3929 Similiter
831 3871 1013 3929 erraverunt
1030 3886 1104 3947 erpa
1118 3867 1188 3930 cleos
1201 3887 1317 3948 quoqne
1331 3868 1464 3929 maiores
1476 3867 1592 3929 cestii:

430 3962 460 4028 15
496 3972 666 4055 improuide
688 3974 806 4036 creduli
832 3974 908 4036 mm
941 3973 1140 4053 simplicitate
1171 3974 1382 4048 credidemnt;
1411 3974 1484 4036 daia
1508 3993 1594 4054 repes

495 4100 564 4144 snos
585 4080 687 4145 colam
709 4080 857 4160 relipiosc,
881 4080 956 4143 ditm
980 4080 1137 4160 detractos
1159 4101 1208 4143 cas
1230 4081 1460 4144 desiderantia
1480 4081 1592 4160 incapi—
1684 4070 1686 4075 ¹

496 4188 586 4251 niteas
604 4187 715 4264 cidem,
735 4188 810 4250 eliam
828 4189 962 4268 pestium
975 4208 1080 4251 ceriam
1095 4189 1261 4251 memorias
1274 4189 1309 4250 in
1323 4189 1436 4250 statnis
1450 4187 1591 4268 detinere,

494 4314 585 4357 sacra
606 4295 694 4374 facta
716 4300 788 4357 nint
811 4315 890 4374 qaae
910 4296 1040 4374 fueram
1061 4295 1229 4374 adsniitpta
1252 4294 1377 4357 solacia.

392 4383 476 4475 litque
500 4400 719 4465 demonstrata
751 4400 1021 4484 philosophorum
1050 4422 1122 4464 cum
1150 4400 1334 4464 christianis
1363 4400 1401 4464 de
1429 4400 1488 4463 deo
1517 4421 1591 4464 con·
1606 4426 1639 4472 m

392 4496 535 4578 spiratione
559 4506 713 4571 Octavius
736 4509 782 4571 sic
805 4508 991 4571 ratiocinari
1014 4508 1136 4593 pergit,
1163 4528 1229 4570 non
1253 4528 1320 4571 esse
1345 4507 1430 4590 quod
1454 4506 1591 4589 antiqui-

390 4604 435 4669 ilii
456 4634 532 4696 quae
553 4613 681 4678 fabellis
705 4615 772 4678 suis
796 4613 971 4678 delectetur
995 4618 1119 4678 tantum
1143 4614 1312 4694 tribuatur,
1343 4614 1372 4677 ei
1400 4618 1437 4677 ut
1459 4614 1592 4677 assenti-

390 4715 462 4781 ffllur
484 4741 608 4804 omnes,
641 4721 761 4805 quippe
793 4742 875 4804 quae
902 4722 974 4805 ipsa
1001 4719 1268 4804 philosophorum
1296 4741 1427 4784 suorum
1456 4720 1591 4784 decretis

389 4817 533 4913 refellatur,
563 4850 636 4892 cum
666 4829 853 4912 praesertim
885 4829 1023 4893 maiores
1051 4849 1117 4892 non
1147 4827 1251 4891 solum
1281 4831 1315 4891 in
1346 4827 1477 4891 deorum
1503 4827 1590 4889 cultu

389 4925 430 4989 tid
447 4932 534 4998 etiam
557 4936 592 4999 in
615 4935 688 4999 aliis
711 4936 807 5000 rebus
830 4936 941 4999 multis
964 4935 1079 4999 miram
1100 4934 1258 5018 quandam
1278 4933 1499 4997 credulitatem
1517 4953 1589 5014 pro-

389 5026 514 5104 bavsnnt.
551 5040 714 5106 Nimirum
737 5041 816 5105 haec
835 5039 989 5105 Octavius
1013 5041 1185 5126 respondet
1208 5042 1247 5104 ad
1272 5062 1308 5104 ea
1332 5062 1412 5124 quae
1432 5037 1589 5103 Caecilius

389 5134 485 5211 dixerat
514 5147 558 5234 (6,
585 5146 618 5234 1)
650 5155 765 5230 quanto
802 5148 1008 5213 venerabilius
1039 5169 1077 5212 ac
1108 5148 1219 5212 melias
1250 5149 1418 5212 antistitem
1450 5145 1591 5209 veritatis

387 5251 515 5319 mmmm
536 5258 674 5337 campere
696 5256 907 5337 disciplinam,
930 5255 1093 5336 reliaiones
1115 5254 1251 5318 traditas
1273 5250 1590 5332 concentoribus

387 5356 482 5424 tredere
501 5383 565 5446 eqs.
602 5361 724 5439 Quodsi
743 5367 829 5425 recte
852 5362 980 5425 illarum
1000 5360 1228 5425 sententiarum
1249 5359 1484 5424 cohaerentiam
1504 5354 1590 5420 evol-
