3925 6675
386 1041 454 1107 376
611 1046 658 1097 LI.
678 1045 793 1096 INDEX
811 1044 1026 1096 LECTIONUM
1044 1043 1276 1096 AESTIVARUM
1296 1046 1374 1096 1900.

386 1211 440 1271 tus
471 1211 610 1272 mentem
641 1205 806 1290 loquentis
839 1205 1070 1289 scriptorisque
1098 1205 1233 1270 consilia
1259 1205 1487 1289 perspicerent.
1529 1201 1620 1270 Haec

387 1314 500 1400 igitur,
528 1335 567 1378 ex
595 1313 712 1397 quibus
740 1311 824 1378 nihil
846 1312 1003 1378 demutari
1027 1316 1083 1376 aut
1106 1311 1205 1378 adimi
1228 1315 1350 1396 potest,
1377 1313 1484 1388 ἄλλως
1507 1335 1542 1377 τε
1565 1310 1621 1376 καὶ

352 1413 357 1424 ’
386 1423 466 1497 τοὺς
492 1419 672 1504 ὑμετέρους
699 1422 778 1496 τοὺς
805 1431 873 1484 τῶν
898 1421 1072 1485 πλουσίων
1094 1417 1149 1484 καὶ
1173 1429 1436 1504 χρηματιστικῶν
1459 1417 1621 1504 (λόγους),

387 1527 439 1592 vel
461 1527 601 1592 maxime
624 1527 795 1610 opinamur
816 1525 960 1592 subsidio
985 1547 1054 1590 esse
1077 1525 1184 1592 verbis
1208 1547 1289 1610 quae
1312 1529 1389 1590 sunt
1407 1525 1440 1590 in
1459 1525 1621 1610 principio

387 1632 542 1718 Hippiae,
572 1655 612 1699 ex
640 1633 758 1717 quibus
784 1637 914 1698 nostrae
942 1633 1170 1716 disputationis
1197 1633 1263 1698 iter'
1286 1633 1352 1698 orsi
1381 1653 1505 1714 sumus,
1533 1632 1621 1698 οὑτω

387 1738 442 1805 καὶ
469 1742 531 1824 τὴν
558 1739 722 1823 ὑμετέραν
748 1741 809 1823 τὴν
836 1751 904 1805 τῶν
931 1751 1100 1821 σοφιστῶν
1127 1739 1254 1825 τέχνην.
1291 1738 1330 1804 Iu
1357 1737 1417 1804 hac
1445 1745 1552 1805 autem
1576 1741 1623 1804 iu-

388 1848 474 1932 signi
502 1867 612 1912 eorum
640 1847 866 1930 similitudine,
894 1868 976 1932 quae
1004 1851 1052 1912 est
1075 1848 1220 1931 utrisque
1243 1846 1465 1912 firmissimum
1488 1847 1623 1912 admini-

389 1955 506 2038 culum,
525 1976 591 2018 non
609 1953 803 2040 negligenda
821 1958 870 2019 eet
888 1975 929 2018 ue
947 1953 1156 2020 articulorum
1175 1952 1304 2037 quidem
1322 1954 1416 2038 ratio,
1436 1975 1517 2037 quae
1536 1958 1623 2019 utro-

390 2060 488 2144 bique
511 2061 621 2126 eedem
644 2064 706 2126 est:

349 2193 376 2234 ιο
572 2169 643 2251 τὴν
666 2166 829 2252 ὑμετέραν
851 2169 922 2251 τὴν
945 2179 1014 2232 τῶν
1036 2178 1207 2251 σοφιστῶν
1230 2166 1348 2252 τέχνην

573 2276 666 2350 τοὺς
688 2273 867 2358 ὑμετέρους
889 2277 982 2351 τοὺς
1005 2286 1073 2340 τῶν
1095 2276 1266 2340 πλουσίων
1289 2271 1449 2362 (λόγους).

388 2377 483 2447 Unde
505 2379 701 2466 intelligitur
723 2381 801 2465 quid
823 2379 923 2446 fuerit
946 2381 1033 2464 quod
1052 2383 1357 2466 suprascriptarum
1376 2403 1489 2467 parum
1509 2382 1625 2448 idonea

389 2486 453 2552 fide
475 2508 495 2550 a
517 2486 665 2553 Bekkero
688 2491 848 2571 receptam
872 2489 933 2572 τὴν
955 2487 1119 2572 ὑμετέραν
1142 2500 1218 2554 τῶν
1242 2500 1412 2572 σοφιστῶν
1435 2489 1555 2574 τέχνην
1577 2511 1625 2553 re-

390 2593 567 2658 iectaneam
591 2614 659 2658 esse
679 2593 878 2678 duxerimus3
900 2598 934 2659 et
951 2595 1028 2660 licet
1045 2594 1108 2660 hoc
1125 2617 1220 2660 nemo
1240 2599 1348 2681 aperte
1367 2595 1493 2680 dixerit,
1516 2601 1624 2660 temen

391 2721 464 2765 eum
488 2699 696 2766 articulorum
720 2723 814 2766 usum
838 2701 1005 2785 probabile
1028 2706 1077 2766 est
1100 2703 1247 2767 nonnihil
1271 2707 1355 2768 certe
1378 2703 1418 2768 ad
1438 2703 1624 2787 opinionem

390 2807 465 2874 falsi
492 2807 701 2874 additamenti
728 2808 913 2875 contulisse.
944 2808 994 2874 De
1023 2829 1086 2893 quo
1115 2830 1231 2895 genere
1254 2810 1406 2896 geminati
1431 2810 1559 2875 articuli
1583 2809 1625 2874 ab

390 2915 619 2998 interpretibus
633 2915 701 2981 fere
714 2916 863 3001 neglecto
877 2915 956 2980 alibi
971 2913 1045 3000 [Op.
1060 2915 1094 2980 P.
1106 2933 1117 2978 1
1133 2939 1163 3000 p.
1175 2915 1252 2998 193]
1270 2917 1367 2982 verba
1381 2917 1525 3000 fecimus,
1538 2937 1626 2982 nuno

391 3023 470 3086 satis
494 3022 556 3086 erit
578 3021 725 3106 exempla
746 3044 849 3106 pauca
871 3043 999 3106 ponere.

525 3128 601 3214 Leg.
617 3147 666 3192 vu
680 3151 711 3213 p.
725 3130 779 3212 48,
792 3127 904 3193 251311.
928 3125 1056 3214 ἔφαμεν
1074 3133 1166 3206 τοὺς
1185 3138 1245 3194 τοῦ
1259 3131 1434 3196 Διονύσου
1449 3133 1541 3210 τοὺς
1556 3128 1624 3215 ἑξη-

351 3265 378 3306 20
605 3234 1626 3323 αοντοὺταςῴὑοὺςὺιαφερόντωςεὐαισθήτουςὺεῑνγεμονέναι

525 3342 606 3408 Ibid.
624 3366 655 3427 p.
674 3342 727 3427 58,
744 3344 768 3406 4
812 3355 889 3409 τῶν
907 3341 944 3409 δέ
963 3344 1168 3429 σπουδαίων,
1187 3345 1231 3422 ὥς
1249 3363 1343 3431 φασι,
1361 3357 1437 3411 τῶν
1455 3345 1532 3429 περὶ
1551 3368 1624 3431 τρα-

607 3452 733 3537 γῳδίαν
755 3449 835 3533 ἡμῖν
857 3462 1014 3535 ποιητῶν,
1038 3449 1096 3517 ἐάν
1119 3451 1201 3517 ποτέ
1221 3476 1309 3529 τινες
1332 3452 1443 3517 αὐτῶν
1465 3451 1550 3537 ἡμᾶς
1573 3452 1625 3517 ἐλ-

606 3560 728 3633 θόντες
751 3555 1044 3641 ἐπανερωτήσωσιν

526 3661 663 3748 Republ.
683 3680 722 3727 111
741 3686 770 3747 p.
792 3662 865 3747 146,
885 3664 927 3727 12
972 3666 993 3747 ἥ
1017 3688 1053 3747 γε
1076 3664 1257 3751 περαιτέρω
1282 3675 1505 3750 γυμναστικῆς
1528 3664 1547 3748 ἡ
1568 3688 1625 3729 πε-

607 3771 699 3854 ριττὴ
723 3769 805 3854 αὕτη
830 3769 997 3855 ἐπιμέλεια
1020 3779 1081 3836 τοῦ
1105 3773 1255 3856 σώματος

526 3874 608 3943 Ibid.
627 3895 690 3941 vm
709 3901 740 3962 p.
758 3878 878 3960 417,3
924 3876 961 3943 έν
991 3886 1035 3966 τῷ
1060 3880 1159 3967 μύθῳ
1189 3878 1225 3955 ὃς
1252 3878 1329 3961 περὶ
1352 3881 1393 3944 τὸ
1417 3878 1455 3945 ἐν
1472 3877 1625 3965 Ἀρκαδίᾳ

606 3986 649 4051 τὸ
673 3994 733 4050 τοῦ
756 3986 841 4061 Διὸς
863 3994 924 4051 τοῦ
947 3989 1099 4051 Λυκαίου
1125 3986 1217 4071 1ερὸν
1240 3984 1368 4069 λέγεται

528 4090 624 4179 Gorg.
642 4114 673 4177 p.
693 4092 750 4175 80,
771 4093 810 4156 11
832 4089 923 4156 Schz.
972 4092 1007 4155 τί
1033 4091 1070 4157 dt
1098 4093 1139 4175 δὴ
1167 4092 1187 4175 ἡ
1216 4094 1319 4177 σεμνὴ
1347 4092 1430 4175 αὕτη
1457 4090 1513 4157 καί
1540 4098 1626 4156 θαυ-

608 4200 714 4283 μαστὴ
737 4200 758 4283 ἡ
781 4207 839 4281 τῆς
861 4198 1046 4286 τραγῳδίας
1069 4201 1202 4283 ποίησις
1225 4195 1278 4284 ἐφ’
1305 4192 1570 4287 ᾧέσπούδαιιενς

354 4335 381 4375 so
395 4330 477 4391 quae
495 4328 690 4390 quamquam
708 4306 878 4390 perspicua
896 4309 972 4370 sunt
990 4308 1158 4389 structura,
1176 4309 1285 4371 tamen
1299 4305 1482 4371 criticorum
1497 4307 1627 4391 ingenia

395 4417 613 4479 exercuerunt.

484 4519 606 4596 Quodsi
633 4520 735 4606 igitur
758 4517 898 4604 Hippiae
925 4519 1022 4585 verba
1048 4540 1129 4604 quae
1153 4520 1258 4603 prima
1281 4519 1413 4583 suntin
1436 4520 1498 4585 hoe
1521 4520 1626 4603 capite
1641 4534 1680 4591 ιε

397 4650 469 4693 cum
489 4627 561 4692 aliis
579 4626 735 4711 exemplis
753 4630 824 4691 tum
842 4628 980 4691 maxima
996 4624 1159 4712 Symposii
1178 4626 1363 4693 testimonio
1381 4626 1493 4692 confisi
1508 4630 1540 4691 et
1553 4646 1628 4691 con·

395 4734 518 4799 firmati
531 4735 600 4798 iure
614 4734 857 4817 vindicavimus,
872 4756 1071 4819 consequens
1086 4736 1156 4817 erit,
1169 4739 1206 4799 ut
1221 4734 1378 4819 quidquid
1392 4735 1425 4799 in
1439 4733 1502 4799 hoc
1511 4754 1627 4821 genere

395 4845 549 4905 novatum
573 4844 623 4905 est
646 4862 665 4904 a
687 4841 807 4906 criticis
831 4862 930 4925 pravo
954 4841 1088 4906 consilio
1112 4846 1265 4907 novatum
1286 4862 1355 4907 esse
1373 4840 1582 4907 existimetur.

487 4946 697 5013 Subsistimua
728 4947 837 5029 inviti,
869 4948 924 5012 sed
956 4952 1139 5031 temporum
1172 4948 1330 5033 augustiis
1358 4948 1460 5013 eoacti
1489 4952 1628 5033 praeter·

396 5056 557 5121 mittimus
581 5076 663 5139 quae
685 5058 850 5139 praeterea
868 5054 903 5118 in
920 5058 1072 5139 promptu
1092 5060 1183 5120 erant
1201 5054 1241 5121 ad
1260 5054 1414 5139 Hippiam
1434 5054 1628 5139 pertinentia

397 5167 455 5227 aut
476 5184 515 5226 ex
539 5162 661 5246 Hippia
685 5160 826 5225 deducte.
864 5160 953 5237 Quae
975 5162 1003 5225 ai
1027 5162 1110 5226 tanti
1133 5162 1239 5227 estin
1262 5164 1356 5227 aliam
1381 5160 1579 5227 occasionem
1599 5160 1627 5225 si

398 5292 462 5354 qua
485 5269 547 5333 erit
569 5288 769 5352 reponemus.
807 5266 874 5333 Sor.
892 5291 934 5333 m.
953 5268 1123 5333 Decembri
1142 5291 1168 5333 a
1188 5285 1350 5335 muccoso.
