3925 6675
690 1104 740 1155 DE
759 1103 942 1156 EURIPIDIS
961 1102 1143 1154 meone,
1493 1098 1536 1162 57

293 1291 333 1332 τε
366 1266 464 1349 κάμέ·
496 1267 618 1342 πάντες
649 1263 856 1348 ἐξολώλαμεν
887 1273 946 1350 μιζι
977 1263 1155 1349 πληγέντες
1187 1265 1278 1350 τύχη.
1325 1262 1388 1329 Sed
1421 1264 1460 1330 de
1487 1266 1540 1330 his

293 1374 459 1458 quidquid
496 1371 709 1456 iudicabitur,
745 1373 839 1436 istam
878 1372 1070 1452 orationem,
1107 1394 1147 1435 ex
1185 1393 1249 1454 qua
1281 1371 1387 1436 exorsi
1419 1392 1541 1457 sumus,

292 1481 446 1545 videmur
482 1479 577 1545 nobis
614 1479 694 1543 satis
729 1484 816 1544 recte
853 1479 1031 1564 expediisse
1068 1501 1172 1563 neque
1209 1480 1237 1544 ei
1277 1479 1450 1563 quiequam
1481 1502 1540 1564 pu-

293 1593 406 1653 tamus
445 1586 670 1672 impedimenti
706 1608 744 1649 ex
783 1585 894 1650 ordine
931 1588 1162 1652 sententiarum
1200 1587 1286 1651 oriri.
1339 1585 1538 1671 Priuoipium

293 1696 384 1760 enim
417 1694 546 1779 ρήσεως
578 1716 651 1759 curn
684 1694 730 1757 ita
757 1692 905 1758 decurrat
932 1691 1096 1778 (volumus
1125 1695 1211 1758 enim
1238 1693 1318 1758 haec
1345 1694 1401 1777 qui
1428 1693 1542 1780 legant

296 1803 389 1886 ipsos
413 1800 572 1881 iudicare)

463 1901 543 1972 είεν·
567 1909 617 1984 τίς
641 1907 763 1989 ἱερεύς,
787 1909 836 1983 τίς
859 1910 1008 1990 σφαγεὺς
1031 1917 1098 1972 τῶν
1122 1909 1336 1992 δυσπότμων,

462 2014 483 2097 ἢ
508 2025 565 2098 τῆς
587 2016 744 2097 ταλαίνης
766 2023 824 2097 τῆς
847 2012 926 2097 ἐμῆς
949 2023 1058 2098 ψυχῆς
1080 2015 1218 2098 φονεύς,

463 2121 573 2207 ἕτοιμ’
596 2123 692 2204 ἄγειν
714 2123 754 2185 τὰ
777 2118 898 2204 θύματ’
927 2123 974 2197 είς
989 2119 1107 2186 ’Ἅιδου
1130 2123 1217 2187 τάδε.

462 2227 489 2295 ὦ
513 2227 614 2310 τέκν’,
638 2228 789 2312 ἀγόμεθα
814 2232 928 2311 ζεῦγος
950 2228 991 2293 οὐ
1015 2230 1119 2293 καλὸν
1140 2239 1283 2312 νεκρῶν,

347 2338 416 2401 455
464 2336 549 2420 ὁμοῦ
571 2335 727 2418 γέροντες
750 2333 806 2399 καὶ
829 2334 900 2399 νεόι
923 2336 978 2399 καί
1002 2334 1145 2420 μητέρες.

463 2441 489 2509 ὦ
514 2455 615 2527 μοῖρα
640 2439 834 2507 δυστάλαιν’
862 2441 923 2526 ἐμη
945 2465 980 2506 τε
1003 2443 1057 2507 καλ
1080 2443 1207 2508 τέκνων

465 2549 578 2633 τῶνδ’,
602 2549 663 2627 οὓς
685 2546 865 2614 πανύστατ’
892 2551 1038 2633 ὄμμασιν
1060 2548 1315 2634 προσδέρκομαι.

463 2654 579 2721 ἔτεκον
601 2657 663 2740 μὲν
685 2655 785 2739 ὑμᾶς,
808 2657 978 2739 πολεμίοις
1002 2654 1030 2719 δ’
1059 2654 1254 2741 ἐθρεψάμην

464 2764 610 2848 ὕβρισμα
633 2763 821 2847 κάπίχαρμα
844 2761 899 2827 καί
922 2762 1133 2848 διαφθοράν,

298 2876 440 2957 apparet
466 2871 526 2935 has
553 2875 620 2934 tres
649 2891 717 2934 esse
740 2870 915 2934 sententias
939 2891 1021 2953 quac
1043 2892 1109 2935 non
1133 2875 1245 2956 suapte
1270 2877 1385 2957 sponte
1409 2878 1543 2938 manant

297 2987 334 3044 et
362 2985 529 3062 tamquam
559 2977 730 3042 continuae
759 2999 823 3040 una
850 2977 930 3041 serie
958 2999 992 3042 se
1020 2979 1184 3062 excipiunt
1212 2979 1267 3043 sed
1295 2979 1472 3044 fluctuante
1494 2979 1541 3044 lo-

298 3085 432 3170 quentis
459 3085 581 3167 animo,
610 3105 682 3148 cum
706 3083 880 3148 identidem
904 3084 1010 3149 denuo
1034 3084 1171 3167 orditur,
1200 3107 1239 3149 ex
1262 3086 1377 3151 intimo
1400 3089 1541 3171 pectoris

299 3198 395 3258 motu
419 3195 622 3277 promuntur.
665 3189 736 3266 Quo
755 3189 858 3275 magis
878 3190 1118 3256 infelicissimae
1136 3193 1231 3256 metri
1251 3192 1363 3257 demus
1382 3192 1444 3258 hoc
1463 3216 1542 3279 quo·

298 3323 373 3386 que,
392 3305 430 3363 nt
448 3298 536 3364 filios
555 3319 630 3363 suos
649 3302 789 3363 mactare
807 3297 870 3363 hoc
887 3319 957 3362 esee
976 3298 1090 3363 matris
1108 3300 1208 3364 vitam
1228 3299 1411 3365 interimere
1430 3300 1541 3368 dolore
1555 3326 1590 3368 ιο.

297 3428 457 3493 oppressa
480 3407 629 3470 fateatur.

391 3512 512 3580 Ultimi
536 3534 612 3578 vero
636 3535 747 3577 versus
770 3512 912 3577 eiusdem
937 3513 1076 3598 ῥήσεως,
1099 3513 1137 3577 δε
1166 3537 1229 3597 qua
1252 3514 1400 3600 dicimus,
1424 3516 1541 3599 quibus

298 3621 443 3707 Megara,
459 3624 632 3705 postquam
648 3620 757 3684 omnia
769 3621 862 3684 irrita
875 3619 960 3684 facta
975 3642 1056 3704 quae
1070 3618 1156 3685 bona
1170 3628 1353 3705 speraverat
1366 3619 1543 3687 lamentata

299 3734 359 3812 est,
373 3728 415 3793 ad
430 3732 611 3792 extremum
626 3732 754 3812 praeter
763 3729 1035 3812 exspectationem
1046 3726 1217 3793 Herculem
1228 3750 1323 3813 quem
1334 3750 1367 3792 se
1377 3734 1541 3795 mortuum

302 3836 430 3900 credere
454 3833 650 3899 asseveravit
672 3836 747 3898 ante
762 3832 914 3920 (reosq.)
938 3836 1084 3919 impensa
1106 3857 1199 3919 prece
1222 3835 1360 3918 invocat,
1382 3840 1420 3900 ut
1438 3858 1477 3900 ex
1495 3838 1542 3901 in-

302 3943 381 4007 feris
405 3942 445 4006 ad
470 3964 504 4006 se
528 3962 668 4025 suosque
687 3941 860 4006 servandos
879 3943 1043 4025 acceleret,
1067 3942 1154 4006 verie
1173 3942 1222 4006 illi
1242 3942 1371 4026 quidem
1390 3946 1541 4028 temptati

307 4054 383 4113 sunt
405 4072 425 4112 a
448 4048 552 4113 doctis
575 4047 630 4112 sed
653 4049 765 4133 scripti
791 4050 823 4111 in
847 4047 932 4113 libro
956 4054 1032 4113 sunt
1055 4050 1089 4113 in
1111 4049 1197 4113 hunc
1220 4049 1362 4113 modum.

354 4157 421 4219 490
468 4152 494 4221 ὦ
519 4153 664 4241 φίλτατ’,
688 4162 723 4220 εί
741 4180 791 4231 τις
814 4159 972 4240 φθόγγον
996 4157 1224 4222 είσακούσεται

466 4270 605 4347 θνητῶν
627 4261 710 4346 παρ’
724 4261 831 4353 Ἅιδη,
855 4262 909 4327 col
932 4262 1018 4344 τύδ’,
1037 4262 1225 4347 Ἡράκλεις,
1248 4262 1345 4345 λέγω·

281 4376 298 4430 t
465 4366 609 4457 θνῄσκει
631 4370 738 4453 πατὴρ
762 4370 820 4446 σὸς
843 4368 898 4434 καί
921 4368 1023 4453 τέκν’,
1046 4372 1187 4451 ὄλλυμαι
1211 4368 1242 4433 δ’
1269 4368 1349 4454 ἐγώ,
1556 4398 1592 4436 το,

464 4476 590 4562 ἣπρίν
612 4478 757 4561 μακαρία
781 4477 837 4541 διὰ
861 4476 891 4541 σ’
918 4476 1100 4563 ἐκληζόμην
1123 4480 1263 4561 βροτοῖς.

359 4584 421 4648 494
467 4583 593 4668 ἄρηξον
615 4580 695 4649 ἐλθὲ
717 4582 772 4648 καί
796 4585 873 4647 σκιὰ
896 4584 1030 4668 φάνηθί
1050 4603 1120 4665 μοι·

371 4728 408 4737 -—
468 4692 541 4766 ἅλις
564 4691 628 4774 γὰρ
652 4690 764 4755 ἐλθὼν
788 4691 905 4755 ίκανὸν
927 4689 970 4755 ιἰν
994 4690 1105 4773 γένοιο
1130 4693 1186 4755 σύ·

373 4833 408 4842 —
467 4796 562 4863 κακοὶ
587 4799 650 4882 γὰρ
674 4799 721 4875 είς
744 4796 784 4863 σε’
804 4796 841 4881 γ’
864 4801 898 4862 οἳ
919 4797 1018 4863 τέκνα
1042 4800 1209 4863 κτείνουσι
1234 4800 1284 4863 σοί.

327 4894 426 4968 Iohia
453 4926 535 4988 quae
563 4904 641 4969 dicit
669 4910 704 4970 εί
726 4927 776 4981 τις
804 4907 961 4988 φθόγγον
988 4907 1217 4970 είσακούσεται
1244 4912 1383 4990 θνητῶν
1410 4907 1437 4970 si
1466 4927 1543 4970 vera

331 5012 398 5091 tunt,
417 5032 481 5077 non
503 5015 642 5096 possunt
663 5012 727 5075 nisi
749 5010 812 5075 hoc
833 5011 930 5076 modo
954 5011 1093 5097 intelligi
1117 5020 1151 5077 εἴ
1170 5037 1219 5089 τις
1237 5010 1314 5096 παρ’
1336 5010 1433 5097 ’Ἅιδη
1453 5014 1541 5077 είσα-

245 5125 248 5186 ζ
332 5113 459 5182 κούσιται
478 5125 616 5202 θνητῶν
635 5121 801 5203 φθόγγον,
820 5118 875 5181 sed
893 5120 999 5183 sintne
1013 5140 1087 5183 vera
1102 5142 1143 5182 an
1158 5119 1246 5203 quod
1259 5119 1420 5204 plerisque
1434 5120 1540 5182 visum

335 5221 373 5279 etl
396 5220 573 5309 depravata,
604 5226 660 5310 qui
689 5225 756 5289 fere
789 5223 928 5288 Nauckii
959 5230 1140 5290 commento
1171 5226 1222 5291 usi
1253 5225 1399 5291 scribunt
1431 5231 1465 5289 εί
1489 5248 1541 5300 τνς

336 5328 463 5410 φθόγγος
485 5332 704 5416 εἰσακούεται,
732 5337 819 5395 certo
842 5330 1019 5397 diiudicare
1041 5355 1108 5398 non
1130 5332 1292 5398 audemus.
1334 5330 1397 5396 Sed
1421 5332 1459 5396 de
1482 5333 1539 5395 tri-
