3925 6675
397 1121 465 1185 420
585 1123 654 1174 LIV.
673 1121 788 1172 INDEX
807 1120 1027 1172 LECTIONUM'
1039 1119 1279 1170 HIBERNARUM
1300 1114 1430 1184 1901(02.

533 1283 626 1348 maa
641 1304 796 1366 perquam
819 1286 924 1348 inane.

658 1390 765 1471 Neque
786 1389 960 1472 mmmm
982 1409 1042 1470 ew>
1064 1390 1195 1470 recipias
1217 1387 1470 1470 amempomam
1494 1385 1633 1467 wrm

664 1497 725 1564 Uei
745 1498 878 1562 remissa
899 1495 1042 1560 tanmma
1063 1497 1129 1560 atta
1152 1515 1262 1578 carpus
1283 1495 1452 1576 requiescat
1474 1491 1578 1558 malis.

540 1606 633 1670 Vides
654 1609 770 1686 quanta
791 1603 866 1668 haec
888 1605 924 1666 ia
947 1623 1049 1668 errare
1070 1608 1243 1668 uersenlm:
1260 1607 1388 1683 pomam
1412 1619 1475 1666 esse
1497 1599 1633 1681 commis

535 1717 562 1776 et
584 1712 768 1794 requiescere
789 1711 826 1774 ia
847 1709 1016 1792 sepulcro
1033 1715 1128 1792 pam
1150 1714 1342 1774 msartaam.

401 1818 536 1904 Semper
559 1818 669 1882 eadem
688 1818 737 1881 vis
756 1816 909 1901 sepulcri:
933 1817 1056 1881 inridet
1075 1815 1231 1900 Thyestes
1250 1816 1341 1880 fratri
1361 1812 1542 1899 sepulcrum
1560 1813 1593 1878 h.
1608 1833 1633 1875 e.

401 1947 472 1990 eam
494 1926 685 2010 particulam
709 1929 812 1989 terrae
836 1925 870 1988 iu
888 1946 952 2007 qua
970 1944 1089 2008 corpus
1107 1922 1225 1988 mortui
1246 1923 1429 2006 sepeliatur.
1465 1920 1633 1986 Postremo

401 2032 549 2097 addimus
571 2031 650 2096 haec
673 2031 712 2096 de
730 2029 853 2096 Andria
872 2029 1015 2094 Terentii
1038 2052 1077 2094 ex
1101 2034 1237 2094 venuste
1260 2029 1442 2094 narratione
1466 2027 1505 2092 de
1523 2025 1635 2091 fauere

406 2138 573 2223 Chrysidis

363 2270 390 2317 ιι
450 2246 511 2311 117
537 2246 693 2327 chertur,
715 2246 816 2310 imas:
839 2246 960 2309 interea
982 2245 1064 2309 inter
1086 2244 1238 2322 mulieres,

541 2353 628 2434 Qaae
648 2352 694 2416 elei
716 2353 858 2430 aderant,
879 2351 960 2433 sorte
980 2372 1080 2416 amam
1103 2352 1221 2434 capucia
1244 2349 1505 2416 adulescentulam
1532 2385 1574 2395 —
1592 2385 1637 2394 -

452 2459 513 2522 127
1035 2459 1149 2523 Famae
1171 2459 1297 2522 interim

539 2565 691 2631 Procedit.
731 2567 898 2648 sequimur.
939 2567 989 2629 ad
1009 2563 1216 2648 sepulcrum
1241 2565 1422 2639 nemimem·

539 2672 585 2737 lm
607 2674 728 2755 ipaem
751 2674 984 2755 impositast‚·
1007 2673 1106 2754 llam.

404 2779 435 2844 h.
456 2802 481 2843 e.
505 2779 546 2844 ad
569 2800 642 2843 eum
664 2779 772 2844 locum
795 2781 950 2862 venimus,
972 2778 1028 2843 ubi
1053 2782 1180 2844 mortua
1204 2777 1419 2843 comburenda
1442 2779 1519 2843 erat.

495 2885 618 2962 Quodsi
641 2887 720 2951 satis
744 2886 911 2950 docuimus
935 2885 1118 2970 sepulcrum
1143 2885 1205 2949 dici
1229 2885 1336 2950 locum
1355 2884 1389 2948 iu
1408 2905 1472 2968 quo
1491 2886 1638 2948 mortuus

406 2995 552 3078 sepultus
576 2994 619 3057 sit
637 2997 703 3057 ant
725 3013 798 3058 eum
822 2992 857 3056 in
880 3013 945 3075 quo
973 2995 1120 3056 mortuus
1144 2991 1345 3077 sepeliendus
1369 2991 1412 3055 sit
1434 2991 1487 3056 vel
1510 2989 1639 3076 sepeliri

405 3102 525 3186 possit,
552 3099 585 3163 id
613 3099 700 3182 quod
727 3099 787 3164 hac
814 3103 977 3182 postrema
1003 3099 1186 3164 narratione
1209 3097 1400 3163 Terentiana
1423 3099 1475 3162 vel
1501 3098 1640 3162 maxime

406 3207 602 3291 patefactum
627 3209 690 3289 est,
718 3205 782 3270 iam
805 3227 864 3269 nos
886 3206 970 3269 nihil
993 3207 1224 3288 mereturque
1252 3205 1358 3269 minus
1382 3225 1510 3270 versum
1532 3203 1640 3269 Plauti

366 3338 393 3379 ιι
407 3317 554 3379 accurate
576 3312 831 3397 interpretemur.
874 3309 955 3377 Cum
978 3311 1064 3377 euim
1087 3310 1315 3377 Menaechmus
1339 3311 1444 3379 dicere
1467 3311 1555 3395 velit,
1578 3309 1641 3377 liti·

407 3423 497 3508 gium
522 3442 593 3484 cum
616 3441 723 3502 uxore,
747 3419 833 3503 quod
852 3419 986 3503 parasiti
1005 3421 1100 3483 anxia
1118 3440 1195 3484 cure
1213 3420 1252 3485 de
1271 3440 1350 3485 cena
1368 3420 1539 3502 obiecerat,
1557 3416 1640 3483 nihil

409 3549 443 3592 se
465 3527 634 3611 impedire,
660 3530 774 3610 utpote
802 3528 859 3609 qui
887 3547 1031 3590 seorsum
1062 3526 1102 3590 ab
1127 3548 1226 3591 uxore
1249 3528 1355 3591 locum
1378 3526 1496 3591 babeat
1518 3528 1552 3591 in
1575 3546 1640 3609 quo

411 3654 598 3697 consumere
616 3631 701 3696 diem
719 3633 831 3717 possit,
849 3632 912 3697 hoc
930 3632 985 3697 ille
1004 3633 1144 3719 imagine
1163 3654 1240 3697 usus
1259 3634 1304 3697 ita
1322 3634 1483 3717 exprimit,
1500 3637 1538 3697 ut
1556 3632 1642 3697 dicat

410 3760 444 3803 se
462 3738 544 3803 clam
563 3740 696 3803 onorem
714 3738 833 3805 habere
851 3739 1034 3824 sepulcrum
1052 3740 1087 3804 in
1106 3762 1169 3824 quo
1190 3739 1336 3825 sepulcro
1354 3740 1542 3805 comburere
1556 3738 1640 3803 diem

409 3846 521 3931 possit.
567 3844 694 3930 Quippe
717 3846 785 3909 dies
809 3848 865 3930 qui
889 3848 1090 3913 consumitur
1112 3850 1161 3911 est
1185 3848 1277 3931 quasi
1300 3847 1397 3912 homo
1426 3848 1481 3931 qui
1506 3848 1642 3911 moritur

410 3956 443 4017 et
469 3954 559 4018 locus
587 3954 644 4017 ubi
671 3954 871 4019 consumitur
894 3955 1077 4038 sepulcrum
1101 3958 1152 4017 est
1176 3955 1210 4018 in
1233 3975 1297 4037 quo
1326 3954 1527 4019 comburitur
1550 3954 1642 4037 quasi

410 4064 564 4125 mortuus.
610 4058 727 4125 Omnia
755 4060 788 4124 in
816 4060 879 4125 hoc
906 4060 1062 4125 translato
1090 4060 1216 4125 dicendi
1244 4060 1340 4124 modo
1363 4064 1439 4145 apte
1462 4060 1643 4142 cohaerent,

410 4189 511 4251 eaque
529 4169 635 4251 imago
655 4167 825 4231 scitissime
843 4169 1051 4231 continuatur
1069 4165 1264 4251 aPeuiculo,
1283 4188 1355 4231 cum
1370 4166 1481 4231 eodem
1496 4166 1642 4231 adhibito

412 4273 510 4338 simili
533 4274 733 4357 respondeat,
763 4275 791 4337 si
814 4296 864 4338 res
888 4273 935 4337 ita
958 4294 993 4337 se
1016 4273 1134 4337 habeat
1156 4276 1193 4337 ut
1215 4272 1282 4337 dics
1307 4274 1340 4337 in
1353 4266 1511 4358 'sepulcro
1535 4272 1643 4339 nescio

371 4406 398 4448 eo
412 4403 477 4464 quo
510 4380 745 4445 comburendus
781 4382 839 4464 sit,
874 4379 1111 4464 properandum
1146 4401 1214 4445 esse
1248 4384 1284 4444 ut
1316 4402 1414 4467 rogus
1446 4380 1696 4461 inconditum

378 4474 381 4479 ’
412 4488 563 4571 quoniam
588 4487 655 4551 dies
680 4488 737 4569 qui
759 4492 875 4572 agatur
897 4487 961 4551 iam
985 4507 1085 4570 paene
1109 4492 1256 4551 mortuus
1280 4487 1329 4551 sit.
1368 4486 1455 4564 Quae
1479 4488 1505 4551 si
1529 4486 1645 4571 proba·

412 4593 522 4658 biliter
546 4593 709 4677 disputata
732 4598 817 4675 sunt,
840 4614 1040 4677 consequens
1063 4597 1112 4657 est
1132 4598 1169 4657 ut
1187 4593 1360 4676 sepsderam
1379 4614 1592 4680 agnoscamus
1612 4598 1645 4659 et

412 4704 498 4764 recte
526 4702 684 4783 scriptum
705 4703 744 4776 ‚et
771 4700 988 4764 necessarium
1016 4721 1085 4765 esse
1112 4702 1146 4764 in
1175 4701 1235 4765 hac
1265 4701 1423 4767 sententia
1452 4722 1556 4786 neque
1579 4700 1644 4767 alio

413 4806 510 4871 modo
533 4806 636 4890 accipi
658 4826 753 4890 posse
777 4828 873 4889 quam
897 4807 1046 4871 diximus.
1083 4806 1120 4870 ld
1143 4828 1271 4892 quoque
1290 4808 1461 4892 opinamur
1483 4830 1645 4893 apparere,

412 4935 479 4978 non
502 4934 571 4978 esse
599 4914 685 4997 quod
714 4936 787 4979 cum
810 4911 989 4979 Ritschelio
1017 4918 1049 4977 et
1072 4911 1234 4977 Schoellio
1261 4913 1300 4977 de
1327 4914 1476 4979 mutilata
1499 4916 1645 4980 oratioue

414 5020 584 5107 cogitetur,
603 5042 677 5085 cour
695 5020 774 5085 haec
788 5042 871 5104 quae
890 5021 1026 5086 dicimus
1044 5044 1109 5086 una
1125 5020 1284 5085 sententia
1297 5020 1528 5105 complectatur
1540 5042 1645 5107 neque

416 5126 617 5213 intelligatur
640 5128 717 5211 quid
741 5128 787 5192 ibi
811 5128 984 5193 desiderari
1007 5127 1103 5191 dicas.

504 5232 703 5299 Sententiam
728 5239 760 5299 et
783 5239 926 5300 tenorem
954 5234 1111 5299 orationis
1139 5236 1393 5320 explanavimus:
1420 5238 1544 5301 restant
1567 5256 1646 5299 nou-

414 5343 503 5406 nulla
535 5343 569 5407 in
597 5342 703 5407 verbis
735 5346 767 5408 et
799 5342 834 5407 in
865 5362 1015 5407 mensura
1043 5342 1190 5407 versiculi
1224 5342 1402 5407 accuratius
1431 5340 1646 5427 expendenda.
