3925 6675
694 1115 746 1165 Dn
763 1114 960 1166 THEOCRITI
977 1115 1127 1166 IDYLLIO
1146 1115 1232 1167 xvn.
1386 1122 1387 1126 ’
1539 1115 1579 1179 19

342 1275 443 1358 elata,
471 1295 561 1339 mera
589 1277 652 1340 ista
679 1274 890 1342 similitudine
917 1255 1046 1361 probari
1076 1297 1142 1340 non
1164 1281 1286 1360 potest,
1313 1299 1353 1341 ex
1379 1299 1417 1341 ea
1438 1281 1477 1343 ut
1499 1277 1578 1343 adeo

342 1381 536 1448 emendandi
568 1383 742 1449 necessitas
773 1386 910 1467 petatur.
954 1381 1075 1447 Versus
1107 1384 1191 1448 enim
1224 1382 1451 1467 Theocriteus,
1483 1406 1579 1468 quem

340 1489 419 1554 libri
443 1489 676 1572 demonstrant,
691 1486 819 1554 Ἀιόου
842 1489 1177 1554 commemorationem
1201 1490 1396 1575 nonhabet,
1424 1512 1460 1556 ac
1483 1491 1578 1556 nobis

340 1619 382 1662 ne
407 1597 551 1680 recipere
575 1595 704 1680 quidem
728 1596 815 1661 visus
839 1601 900 1680 est3
924 1597 964 1661 ad
987 1599 1094 1660 adrem
1118 1618 1193 1660 vero
1217 1596 1274 1660 illo
1295 1597 1393 1662 verba
1415 1597 1489 1662 addi
1512 1619 1578 1663 non

339 1704 498 1787 potuisse,
523 1703 596 1787 quis
619 1703 682 1768 hoc
705 1703 840 1768 instabit
864 1704 919 1787 qui
943 1703 1073 1790 cogitet,
1097 1725 1178 1786 quae
1201 1709 1298 1788 poeta
1316 1704 1434 1769 alicubi
1453 1704 1487 1768 in
1505 1709 1578 1769 abre

339 1810 533 1876 abscondita
561 1832 629 1875 esse
657 1810 748 1893 dicit,
776 1831 813 1873 ea
840 1815 878 1875 ut
904 1808 1107 1894 irreparabili
1134 1810 1222 1875 clade
1249 1812 1371 1894 perisse
1394 1809 1578 1893 affirmaret,

337 1919 432 1982 nulla
455 1940 491 1982 re
515 1919 623 2002 aptius
641 1917 727 1984 effici
746 1917 900 2001 potuisse.
945 1914 1022 1981 Non
1039 1915 1114 2000 plus
1124 1914 1209 1982 Ἄιδι
1231 1917 1347 1982 addere
1372 1922 1429 1981 aut
1452 1917 1577 1982 demere

338 2026 412 2107 ἀέρι
442 2025 566 2110 poterit
592 2023 772 2108 κέκρυκται
800 2023 950 2107 verbnm,
977 2022 1065 2108 qnod
1093 2023 1222 2108 quidem
1250 2046 1345 2108 saepe
1370 2024 1410 2088 de
1432 2025 1578 2107 mortuis,

338 2133 372 2196 in
406 2139 493 2196 terra
520 2130 571 2195 vel
599 2131 633 2195 in
662 2129 746 2197 Orco
774 2130 911 2196 conditis
938 2130 1016 2215 poni
1050 2132 1154 2196 solere
1185 2152 1280 2196 nemo
1313 2134 1456 2219 ignorat3
1487 2131 1578 2196 velut

336 2238 534 2303 Theocritus
557 2239 627 2323 ipse
650 2238 731 2304 dicit
754 2237 820 2321 (16,
834 2235 892 2323 30)
921 2239 973 2302 εἰν
991 2235 1105 2302 Ἀίδαο
1132 2237 1370 2324 κεκρυμμένος;
1398 2236 1576 2324 Sophocles
1591 2265 1619 2306 ιο

336 2344 511 2431 κρυφθεὶς
533 2345 599 2411 ὑπὸ
622 2355 682 2429 γῆς
703 2354 809 2411 κεῖται
831 2346 987 2426 τεθνεώς,
1010 2343 1089 2409 alibi
1113 2347 1172 2409 τὸν
1196 2344 1234 2409 ἐν
1253 2346 1347 2432 τόφφ
1365 2345 1577 2431 κρυφθέντας

335 2453 517 2538 Euripides
547 2454 667 2536 νεκρὸν
695 2505 702 2517 .
730 2503 738 2516 .
765 2453 895 2536 κρύψας
927 2455 1032 2535 χθονί
1061 2458 1093 2516 et
1126 2458 1326 2536 κρυφθῆτον
1356 2454 1467 2536 χθονί.
1513 2450 1577 2517 Sed

332 2582 399 2625 uec
428 2561 545 2625 unicus
572 2565 623 2624 est
648 2559 703 2625 hie
729 2581 808 2624 usus
831 2559 921 2623 etin
944 2558 996 2622 his
1019 2563 1127 2624 tamen
1151 2559 1330 2642 etreliqua
1352 2561 1507 2625 varietate
1531 2559 1576 2623 di·

332 2668 433 2734 cendi
462 2688 620 2751 nusquam
648 2688 714 2730 non
741 2667 949 2750 proprioris
976 2664 1067 2729 verbi
1090 2666 1286 2752 agnoscitur,
1315 2686 1397 2750 quae
1420 2670 1469 2730 est
1491 2667 1577 2730 aufe

333 2775 432 2840 rendi
457 2796 476 2837 a
499 2778 683 2858 conspectu,
707 2773 793 2856 quod
812 2794 912 2837 uuum
936 2776 994 2855 est,
1017 2772 1071 2837 sed
1095 2794 1162 2837 non
1186 2794 1250 2837 una
1273 2772 1312 2836 de
1335 2793 1430 2836 causa
1453 2772 1491 2837 fit
1517 2795 1578 2838 nec

332 2880 479 2948 consilio
502 2901 577 2944 uno.
623 2879 728 2956 Quare
745 2879 926 2963 κέκρυπται
944 2881 980 2944 in
997 2901 1091 2944 versu
1110 2877 1301 2944 Theocriteo
1321 2881 1377 2964 qui
1394 2879 1576 2963 ἠφάνισται

330 3009 410 3054 esse
442 2987 568 3072 dicunt,
600 2991 686 3052 recte
718 2987 843 3070 dicum,
874 2984 1057 3052 Tridericus
1089 2984 1255 3052 Iacobsius
1284 2985 1325 3050 ad
1357 2985 1577 3070 Theocritum,

330 3094 524 3161 Lobeclrius
549 3093 581 3157 iu
601 3093 734 3159 Aiacem
757 3116 785 3158 v.
803 3092 889 3157 1035
903 3116 933 3178 p.
948 3093 1063 3174 3560,
1088 3094 1144 3177 qui
1167 3092 1229 3157 hoc
1252 3113 1346 3158 versu
1369 3098 1479 3158 tuetur
1501 3098 1534 3158 et
1556 3116 1578 3157 ε

328 3199 518 3288 zeugmatis
542 3201 695 3285 opinione
717 3199 834 3264 liberat
857 3200 955 3264 verba
978 3199 1149 3285 Sophoclis
1174 3200 1208 3264 in
1230 3199 1362 3265 Electra
1384 3223 1412 3265 v.
1427 3200 1493 3266 435

475 3305 542 3373 ἀλλ’
568 3306 589 3392 ἢ
612 3319 771 3373 πνοαῖσιν
792 3305 813 3391 ἢ
836 3310 1052 3391 βαθυσκαφεῖ
1074 3309 1164 3373 κόνει
1588 3334 1615 3375 ro

475 3416 607 3498 κρύψον
629 3439 696 3498 νιν,
719 3417 805 3479 ἔνθα
828 3418 874 3500 μή
895 3413 964 3479 κοτ’
991 3417 1038 3490 εἰς
1061 3414 1164 3498 εὐνὴν
1186 3415 1308 3498 πατρὸς

474 3524 604 3588 τούτων
626 3524 779 3607 πρόσεισι
801 3520 922 3606 μηδέν·
946 3520 1014 3586 ἀλλ’
1041 3522 1122 3586 όταν
1144 3522 1245 3607 θάνῃ,

475 3627 610 3714 κειμήλι’
637 3629 721 3714 αὐτῇ
743 3637 847 3694 ταῦτα
870 3627 1026 3717 σῳζέσθω
1050 3629 1149 3712 κάτω,

330 3742 368 3804 in
397 3737 516 3822 quibus
539 3738 594 3800 rix
613 3736 742 3801 taudem
761 3735 927 3800 desierunt
944 3736 1050 3800 critici
1068 3735 1261 3800 coniecturis
1280 3735 1399 3817 ludere,
1423 3736 1478 3819 qui
1498 3737 1575 3819 quia

330 3843 543 3928 dubitabant,
565 3844 697 3927 κρύψον
719 3843 814 3906 etiam
839 3842 879 3906 ad
902 3852 1060 3907 πνοαῖσιν
1083 3863 1179 3926 posse
1203 3846 1288 3908 recte
1311 3841 1431 3925 referri,
1455 3842 1488 3905 in
1509 3842 1574 3905 alia

331 3954 449 4018 omnia
471 3950 597 4035 abrepti
621 3954 709 4033 sunt,
733 3948 787 4014 sed
807 3971 866 4014 nos
891 3949 947 4033 qui
971 3927 1148 4014 Lobeckio
1160 3949 1353 4013 assentimus
1377 3950 1410 4011 in
1429 3969 1467 4011 co
1487 3948 1574 4031 quod

331 4063 438 4145 negat
463 4058 503 4121 ad
524 4067 683 4122 πνοαῖσιν
705 4056 834 4121 aliunde
857 4055 991 4121 verbum
1014 4055 1233 4120 asciscendum
1258 4077 1335 4139 esse,
1360 4054 1398 4118 de
1417 4059 1486 4119 tota
1505 4077 1574 4118 ora-

331 4170 429 4232 tione
453 4165 500 4229 ita
523 4163 711 4245 indicamus,
735 4168 780 4246 ut,
804 4161 890 4246 quod
913 4163 953 4227 ad
972 4164 1149 4249 zeugmatis
1168 4168 1313 4227 naturam
1334 4160 1465 4244 accedit,
1488 4161 1572 4225 idem

332 4271 473 4338 verbum
509 4292 576 4335 non
612 4270 744 4335 eandem
781 4269 953 4353 utrobique
991 4292 1067 4355 prce
1105 4292 1138 4333 se
1179 4270 1261 4334 ferre
1304 4268 1572 4354 significationem
1645 4262 1650 4269 ’

276 4389 318 4447 18
333 4383 533 4446 statuamus:
557 4377 644 4462 quod
667 4377 753 4441 enim
776 4377 811 4441 in
834 4376 935 4441 altera
958 4382 1049 4460 parte
1073 4376 1215 4461 positum
1235 4375 1368 4439 verbum
1393 4380 1450 4457 est,
1474 4397 1522 4458 eo,
1544 4375 1572 4437 si
1587 4402 1613 4441 ιο

332 4492 425 4552 recte
450 4489 589 4550 mentem
613 4484 797 4568 accipimus,
827 4482 979 4547 abscondi
1005 4483 1133 4546 iubetur
1157 4482 1243 4565 quod
1267 4481 1423 4546 condatur
1447 4502 1573 4546 conser-

331 4592 435 4658 vandi
461 4614 565 4677 causa,
587 4593 671 4657 siout
694 4591 727 4655 iu
749 4590 848 4654 Aiace
872 4589 937 4654 658
991 4644 995 4651 .

474 4700 592 4780 κρύψω
615 4696 682 4763 τόθ’
712 4700 806 4781 ἔγχος
827 4697 963 4780 τούμόν,
987 4693 1146 4780 ἔχθιστον
1170 4699 1277 4777 βελῶν

476 4810 571 4889 γαίας
594 4804 714 4890 ὀρύξας
736 4801 823 4869 ἔνθα
845 4807 890 4888 μή
913 4828 963 4879 τις
986 4804 1110 4883 ddecus,

473 4909 542 4977 ἀλλ’
569 4911 650 4976 αὐτὸ
674 4908 735 4988 νὺξ
750 4908 875 4993 Ἅιδης
897 4934 932 4974 τε
955 4912 1129 4997 σῳζόντων
1151 4910 1250 4990 κάτω,

331 5023 388 5109 (cf.
408 5020 518 5106 Iphig.
536 5016 631 5082 Taur.
650 5015 740 5104 826),
763 5017 803 5080 ad
826 5028 984 5081 πνοαῖσιν
1007 5016 1090 5081 idem
1114 5038 1179 5081 non
1203 5016 1332 5080 auditur
1356 5016 1417 5079 nisi
1442 5016 1473 5078 vi
1498 5015 1571 5079 sim·

328 5128 516 5217 plicissima
535 5124 669 5190 tollendi
688 5147 728 5191 ex
751 5124 862 5191 oculis.
908 5123 952 5187 nt
970 5125 1031 5188 hac
1050 5124 1150 5210 igitur
1169 5123 1403 5209 significatione
1422 5124 1456 5186 in
1475 5143 1570 5185 versu

328 5234 504 5304 Theocriti
532 5231 710 5316 κέκρυπται
740 5253 812 5298 cum
841 5237 912 5295 οόκε
938 5231 1144 5294 coniunctum
1174 5252 1242 5294 esse
1273 5231 1434 5313 volumus,
1467 5248 1571 5310 neque

327 5370 368 5413 eo
388 5344 504 5410 minus
523 5343 609 5404 recte
627 5338 770 5405 locutum
789 5341 939 5424 putamus
958 5335 1174 5422 Theocritum,
1194 5358 1289 5419 quam
1308 5340 1364 5400 aut
1378 5332 1571 5418 Dionysium

1343 5439 1356 5466 ⁸
