3925 6675
378 1127 444 1192 356
578 1129 611 1179 L.
630 1127 745 1179 INDEX
764 1126 978 1178 LECTIONUM
996 1125 1237 1176 massanum
1257 1123 1343 1194 1899]
1347 1127 1424 1178 1900.

462 1289 552 1354 Haec
578 1286 775 1373 aliquamdiu
802 1309 887 1351 nova
913 1307 982 1352 esse
1009 1289 1042 1350 et
1064 1310 1083 1350 a
1105 1286 1200 1351 nobis
1224 1286 1337 1371 primis
1362 1288 1491 1350 inventa
1513 1290 1605 1371 puta·

373 1399 500 1479 murus,
528 1397 604 1462 dom
631 1399 759 1460 nostrae
782 1395 898 1459 aetatis
920 1393 1077 1459 editiones
1101 1392 1292 1478 evolvimus,
1320 1415 1400 1477 quas
1423 1391 1513 1458 stulti
1538 1414 1606 1459 cre-

374 1505 556 1569 dideramus
579 1503 674 1568 utilia
696 1502 824 1587 quidem
846 1521 992 1585 quaeque
1011 1521 1049 1565 ex
1069 1501 1271 1584 superiorum
1291 1501 1381 1566 libris
1400 1501 1605 1586 excerpsisse.

375 1610 438 1676 Sed
456 1633 529 1676 cum
547 1610 582 1675 F.
596 1609 636 1674 A.
649 1608 764 1674 Wolfii
782 1608 938 1691 libellum,
957 1607 1049 1672 cuius
1067 1629 1171 1673 raram
1190 1609 1343 1672 virtutem
1362 1612 1395 1674 et
1413 1607 1606 1694 elegantiam

374 1717 525 1782 admirari
548 1719 698 1799 solemus,
722 1716 761 1780 de
783 1715 835 1779 his
854 1736 983 1799 quoque
1001 1714 1108 1779 verbis
1129 1714 1376 1798 consuleremus,
1399 1713 1478 1780 baec
1496 1714 1606 1780 emam

374 1826 511 1890 totidem
533 1824 650 1888 litteris
674 1843 823 1907 expressa
845 1823 998 1908 legimus,
1023 1822 1114 1887 imm
1137 1821 1309 1906 [bonor-tm
1332 1821 1455 1906 animi]
1478 1821 1606 1900 lamen,
1621 1823 1662 1878 22

374 1931 438 1996 hoc
461 1952 590 2015 quoque
612 1929 829 1994 intelleximus
854 1930 917 1994 iam
940 1927 1113 1994 Ernestum
1132 1928 1178 1992 ita
1201 1928 1347 2011 edidisse,
1365 1927 1521 1992 Wolfium
1540 1933 1608 1992 tan-

375 2041 445 2102 tum
473 2059 573 2102 uncos
602 2037 769 2101 addidisse.
805 2035 858 2100 Ex
881 2033 1043 2101 Orelliaua
1070 2041 1177 2100 autem
1205 2037 1310 2120 prima
1335 2035 1506 2100 didicimus
1529 2034 1606 2100 olim

374 2145 475 2210 finisse
498 2145 577 2210 adeo
601 2145 658 2229 qui
680 2145 743 2208 boc
764 2145 873 2228 ipsum
897 2144 932 2207 in
954 2143 1077 2228 optimo
1102 2143 1211 2208 codice
1229 2142 1333 2229 Regio
1356 2142 1421 2229 legi
1443 2141 1609 2208 crederent

336 2280 363 2320 ιι
377 2250 479 2338 (quod
501 2273 587 2316 nunc
605 2254 804 2335 compertum
825 2254 874 2314 est
892 2271 1003 2314 rerum
1022 2272 1086 2314 non
1106 2249 1199 2336 esse),
1218 2253 1251 2314 et
1270 2248 1412 2314 eiusdem
1431 2250 1609 2334 scripturae

375 2359 473 2423 etiam
500 2360 599 2423 alium
621 2357 741 2422 librum
764 2360 881 2422 testem
905 2358 1006 2421 citari.
1043 2356 1132 2422 Haec
1155 2358 1230 2422 dum
1255 2355 1448 2442 colligimus,
1474 2355 1609 2422 miraba-

375 2487 448 2530 mur
479 2464 641 2528 neminem
669 2483 708 2527 ex
735 2466 786 2528 tot
813 2463 992 2528 editoribus
1020 2463 1083 2528 iam
1110 2463 1185 2528 inde
1212 2485 1231 2528 a
1258 2462 1425 2528 Turicensi
1453 2464 1555 2529 altera
1581 2485 1608 2528 a.

378 2571 461 2636 1861
491 2571 588 2635 huius
616 2569 793 2654 scriptume
820 2571 1016 2635 mentionem
1043 2569 1166 2634 fecisse.
1204 2569 1308 2646 Quam
1333 2571 1360 2635 si
1382 2593 1449 2636 nou
1472 2569 1609 2636 dicimus

375 2678 571 2762 recepissent
588 2676 643 2741 sed
662 2680 788 2742 tautum
806 2681 1046 2760 memoraseent,
1065 2675 1218 2741 credibile
1237 2681 1286 2742 est
1306 2677 1431 2762 pridem
1447 2677 1609 2742 exstitisse

376 2785 433 2869 qai
456 2805 526 2849 eam
550 2785 664 2850 ceteris
687 2784 909 2849 conaminibus
932 2805 1001 2848 ease
1024 2783 1264 2868 praeferendam
1287 2784 1490 2872 intelligeret.
1522 2783 1610 2862 Quae

376 2892 453 2955 licet
480 2890 564 2955 nihil
592 2890 635 2954 sit
661 2891 723 2955 nisi
753 2890 840 2956 docti
868 2889 1009 2955 bominis
1038 2890 1233 2971 coniectura,
1261 2892 1390 2956 siresa
1413 2897 1539 2976 reperte
1561 2895 1611 2956 est

376 2998 411 3061 in
442 2997 554 3080 aliquo
588 2997 698 3062 codice
730 2998 797 3061 sive
828 2997 863 3061 in
894 2997 1001 3078 nullo,
1032 3000 1141 3062 tamen
1173 3019 1278 3064 veram
1313 3019 1382 3064 esse
1414 2998 1507 3064 nobie
1540 3019 1611 3082 per-

377 3107 536 3171 suasimus
559 3111 593 3171 et
611 3105 758 3171 Ciceroni
777 3106 979 3190 postliminio
998 3107 1237 3172 restituendam·
1271 3104 1391 3182 Quodsi
1411 3107 1484 3190 quis
1502 3109 1610 3170 tamen

377 3212 504 3276 dubitet
531 3218 564 3277 et
593 3235 627 3277 se
655 3212 837 3298 intelligere
863 3217 975 3298 neget,
1002 3235 1041 3278 ex
1069 3213 1217 3280 moram
1244 3215 1348 3278 animi
1376 3214 1433 3298 qui
1460 3212 1530 3276 tisri
1555 3233 1611 3298 po

338 3320 464 3387 nouerit
490 3320 594 3399 bonis
608 3319 669 3386 boc
697 3320 848 3405 dicimus,
876 3322 910 3385 in
946 3320 1057 3385 tabula
1085 3320 1214 3405 quidem
1243 3321 1396 3386 delineari
1419 3342 1485 3386 non
1507 3342 1611 3405 posse,

379 3428 436 3510 qui
457 3426 580 3492 factum
604 3426 648 3491 sit
669 3430 707 3491 ut
729 3449 769 3490 ex
792 3428 941 3493 bernonem
958 3429 1063 3493 animi
1081 3427 1165 3513 (eise
1183 3430 1295 3508 omini,
1319 3449 1401 3512 quae
1420 3448 1515 3512 saepe
1535 3427 1609 3491 scri-

378 3532 476 3596 bendi
499 3554 606 3597 errore
628 3538 855 3617 permutantur
877 3536 912 3599 in
935 3532 1042 3619 libris)
1065 3534 1189 3599 haustis
1214 3534 1326 3599 mediis
1351 3534 1483 3618 syllabis
1507 3534 1611 3618 prima

379 3644 412 3703 et
435 3643 578 3703 extrema
600 3639 636 3704 bo
659 3643 692 3704 et
713 3641 750 3704 m'
768 3640 1034 3725 relinquerentur,
1057 3642 1113 3707 sed
1132 3642 1276 3727 potuisse
1294 3639 1357 3706 hoc
1375 3641 1445 3705 fieri
1464 3642 1610 3727 exemplo

380 3745 488 3810 doceri
510 3768 550 3811 ex
573 3745 625 3810 his
648 3745 729 3830 ipsis
752 3746 845 3811 libris
867 3749 985 3831 petito:
1009 3766 1031 3811 v
1051 3748 1107 3830 24,
1126 3749 1168 3813 68
1193 3748 1272 3813 baec
1295 3748 1372 3813 olim
1396 3748 1613 3834 vulgabantur

378 3872 462 3917 aeae
493 3851 612 3937 (ocimi
631 3851 727 3938 fetae)
757 3856 794 3917 ia
819 3856 991 3936 copatione
1016 3876 1121 3921 reram
1144 3856 1267 3938 poenas
1295 3862 1322 3920 et
1348 3856 1384 3919 ia
1410 3854 1612 3936 ecplicotione

379 3966 525 4038 acturae,
554 3960 633 4025 alter
658 3963 695 4025 ia
722 3961 925 4043 decerptione
951 3962 1191 4043 adpetendae-am
1217 3963 1477 4045 sapietdoramve
1497 3982 1611 4041 reram,

379 4068 489 4131 mue
510 4069 547 4131 ia
570 4068 739 4133 indicando
761 4068 840 4150 qaid
860 4070 969 4150 cripte
990 4070 1037 4133 rei
1054 4070 1096 4134 sit
1113 4088 1305 4151 censeam
1328 4068 1383 4134 sed
1402 4072 1611 4153 posteaquam

380 4178 581 4257 compertum
609 4182 658 4239 eet
685 4175 720 4238 in
747 4163 871 4259 optimo
899 4176 1007 4240 codice
1037 4174 1183 4241 Gudiauo
1211 4175 1292 4240 haec
1319 4177 1438 4261 scripta
1466 4196 1535 4242 esse
1560 4176 1612 4257 tie·

378 4281 625 4362 planetarumque
654 4302 694 4345 ae
722 4302 828 4346 rerum
859 4302 899 4345 ae
928 4282 1075 4361 aiaerrdi,
1106 4282 1279 4366 eademque
1311 4284 1345 4347 in
1373 4282 1482 4347 codice
1510 4281 1612 4367 Regio

340 4414 367 4454 eo
381 4393 511 4451 exarata
532 4387 632 4450 fuisse
654 4388 709 4452 sed
731 4408 771 4452 ae
792 4391 825 4451 et
846 4408 886 4453 ae
906 4388 1039 4453 uiuendi
1061 4388 1159 4451 litura
1182 4388 1287 4453 deleta
1309 4410 1391 4471 esse,
1413 4386 1612 4453 intellectum

381 4497 431 4558 est
454 4515 473 4556 a
494 4492 726 4579 Wesenbergio
750 4493 785 4557 in
807 4494 983 4579 archetypo
1006 4494 1115 4560 codice
1138 4493 1279 4579 syllabae
1303 4494 1455 4579 quaedam
1480 4494 1612 4559 extritae

382 4620 460 4679 esse,
486 4600 647 4685 integram
669 4604 776 4665 autem
801 4603 978 4666 orationem
1002 4600 1085 4667 banc
1108 4601 1208 4666 fuisse
1230 4602 1470 4685 eapewndomm
1489 4602 1613 4684 [aptes-

382 4706 533 4771 doramoe
563 4728 668 4771 reram
696 4706 743 4791 [et
770 4708 804 4771 in
830 4708 969 4792 ratiobte
994 4708 1131 4788 mvesdi,
1160 4730 1263 4793 neque
1290 4712 1402 4794 postea
1430 4707 1612 4773 dubitatum

383 4816 441 4878 est.
476 4811 590 4897 Itaque
617 4834 692 4898 spes
719 4814 864 4880 estsere
891 4824 929 4879 ut
956 4815 1013 4879 illa
1040 4837 1169 4899 quoque
1193 4816 1353 4900 scriptura
1375 4836 1472 4900 quam
1497 4836 1536 4881 ax
1559 4814 1614 4881 ob·

381 4918 502 4985 livione
529 4923 716 4986 suscitatam
742 4922 955 5005 defendimus,
982 4923 1112 4987 taudem
1136 4945 1170 4989 se
1193 4922 1310 5007 probet
1334 4922 1468 5007 criticis,
1495 4923 1521 4989 si
1547 4922 1615 5009 qui·

383 5026 456 5091 dem
475 5026 515 5090 ab
535 5049 572 5093 ea
590 5050 625 5092 se
643 5032 786 5093 avertere
803 5028 1010 5113 persuasione
1029 5029 1199 5113 voluerint,
1219 5052 1283 5113 qna
1299 5028 1432 5095 credunt
1445 5031 1614 5115 spongiam
1806 5026 1807 5093 l

383 5135 479 5199 istam
507 5134 667 5200 deletilem
697 5136 788 5218 quasi
812 5134 971 5219 quandam
995 5158 1167 5220 panaceam
1191 5158 1260 5201 asse
1283 5136 1516 5202 emendationis
1539 5134 1616 5201 Tul·
1806 5112 1807 5183 l

383 5242 495 5307 lionae.
533 5240 600 5307 Scr.
618 5264 661 5305 m.
680 5240 766 5306 Maio
785 5258 994 5335 astsnccclc.
1806 5242 1807 5317 l

1806 5412 1807 5457 ι
