3925 6675
600 1139 781 1193 sumimus
799 1141 996 1192 PLATONICI
1015 1140 1310 1192 OBSERVATIONES
1328 1142 1362 1191 11.
1547 1137 1614 1202 393

354 1300 519 1368 versiam
537 1324 697 1368 vouumus.
730 1300 802 1378 Quo
821 1302 924 1386 magis
943 1305 1052 1366 autem
1071 1323 1172 1388 genus
1192 1303 1298 1385 ipsum
1313 1302 1455 1385 patefiat,
1472 1301 1614 1386 primum

348 1402 455 1471 haee
483 1410 655 1475 afferimus„

516 1516 638 1603 Legum
658 1535 670 1580 1
688 1539 718 1599 p.
740 1516 791 1601 10,
810 1516 852 1580 28
876 1515 1003 1600 ἀνάγκη
1028 1517 1087 1581 τὸν
1110 1516 1298 1600 νομοθέτην
1321 1517 1379 1593 τὰς
1401 1520 1531 1600 κτήσεις
1549 1526 1617 1580 τῶν

595 1631 743 1689 πολιτῶν
765 1625 820 1688 καὶ
843 1625 883 1689 τά
906 1622 1104 1707 ἀναλώματα
1129 1624 1319 1706 φυλάττειν,
1343 1621 1467 1688 ὅντιν’
1492 1621 1539 1687 ἀν
1557 1625 1616 1705 γί-

597 1756 738 1815 γνηται
761 1733 907 1813 τρόπον
930 1734 997 1794 κτλ.
1441 1769 1444 1775 ·

518 1837 664 1922 Sympou.
679 1861 709 1923 p.
727 1838 755 1920 1,
770 1837 790 1901 8
808 1834 947 1921 ἔναγχός
966 1853 1003 1900 σε
1018 1835 1154 1920 ἐζήτουν
1168 1839 1372 1918 βουλόμενος
1387 1835 1617 1902 διαπυθέσθαι

596 1947 658 2029 τὴν
680 1943 870 2028 Ἀγάθωνος
903 1945 1090 2008 συνουσίαν
1121 1941 1175 2008 καὶ
1204 1944 1406 2028 Σωκράτους
1437 1942 1491 2009 καὶ
1516 1942 1617 2008 'Atm-

597 2050 719 2135 βιάδου
737 2052 792 2116 καί
810 2063 878 2116 τῶν
897 2053 1009 2115 ἀλλων
1027 2061 1094 2114 τῶν
1112 2052 1184 2114 τότε
1204 2049 1240 2115 ἐν
1255 2058 1300 2138 τῷ
1312 2051 1501 2138 συνδείπνῳ
1516 2073 1617 2135 παρα-

598 2157 788 2243 γενομένων
810 2158 885 2243 περί
908 2168 975 2223 τῶν
1000 2155 1167 2240 ἐρωτικῶν
1191 2161 1315 2240 λόγων,
1337 2159 1444 2233 τίνες
1466 2152 1573 2239 ἦσαν.

517 2263 595 2330 Ione
608 2289 641 2356 P:
656 2264 709 2349 55,
723 2265 765 2329 37
786 2265 868 2331 ὅταν
885 2269 1019 2329 πολλῶν
1039 2266 1204 2347 λεγόντων
1223 2262 1299 2346 περὶ
1318 2264 1477 2348 ὑγιεινῶν
1492 2267 1617 2346 σιτίων,
1631 2294 1659 2334 ιο

598 2372 715 2438 ὁποῖά
739 2372 863 2453 ἐστιν,
887 2361 934 2447 εἷς
957 2395 1007 2447 τις
1030 2372 1149 2454 ἀριστα
1173 2370 1260 2457 λέγη.

519 2478 710 2564 Euthydem.
720 2501 751 2563 p.
762 2478 843 2561 32‚1
860 2474 880 2562 ἦ
895 2476 949 2543 καὶ
965 2478 1005 2543 τὰ
1019 2487 1156 2543 τοιαῦτα
1171 2476 1417 2564 (ἐπίστασθον),
1437 2481 1514 2555 τοὺς
1529 2476 1619 2543 ἀστέ-

599 2611 669 2671 ρας,
693 2585 833 2651 ὁπόσοι
857 2589 951 2667 είσί,
974 2584 1030 2650 καὶ
1053 2585 1113 2668 τὴν
1137 2586 1256 2669 ἀμμον.

521 2692 634 2777 Lysiae
652 2692 749 2776 31,3
777 2691 841 2776 ἐγὼ
869 2701 990 2757 τοῦτον
1018 2690 1137 2774 ἐλέγξω
1165 2682 1248 2768 οἷός
1277 2691 1372 2777 έστι;
1404 2693 1426 2755 4
1454 2693 1506 2756 δεῖ
1534 2692 1619 2776 ὑμᾶς

599 2800 674 2882 περὶ
697 2799 802 2865 αὐτοῦ
825 2797 939 2875 ὁποῖός
962 2797 1032 2863 ἐστι
1056 2797 1251 2876 σκέψασθαι.
1289 2799 1327 2862 cf.
1347 2798 1404 2883 30,
1424 2800 1452 2863 6.

520 2906 641 2994 Legum
660 2923 673 2970 1
691 2929 722 2991 p.
744 2906 799 2990 18,
818 2906 859 2970 21
889 2895 964 2970 οἷον
990 2904 1092 2982 εἴτις
1116 2904 1349 2982 ἐπαινέσαντός
1371 2928 1463 2982 τινος
1486 2905 1619 2988 τυρούς,

599 3017 716 3098 βρῶμα
735 3013 779 3090 ὡς
798 3012 939 3095 ἀγαθόν,
958 3012 1064 3088 εὐθὺς
1081 3011 1178 3096 ψέγοι
1193 3014 1236 3096 μὴ
1251 3013 1500 3096 διαπυθόμενος
1515 3012 1619 3077 αὐτοῦ

599 3123 679 3205 μήτε
702 3121 764 3204 τὴν
782 3119 942 3204 ἐργασίαν
959 3123 1040 3204 μήτε
1059 3121 1119 3203 τὴν
1140 3118 1350 3204 προσφοράν,
1374 3119 1513 3184 ὅντινα
1532 3120 1619 3202 τρό-

599 3251 674 3293 πον
701 3225 764 3293 nal
793 3217 945 3292 οἷστισι
973 3224 1036 3291 καὶ
1065 3223 1149 3309 μεθ’
1182 3218 1235 3291 ὧν
1263 3227 1324 3290 καὶ
1354 3226 1456 3302 ὅπως
1479 3221 1619 3309 ἔχοντα

599 3333 663 3401 καὶ
687 3334 790 3411 ὅπως
812 3332 1057 3419 προσφέρειν
1080 3330 1257 3419 ἔχουσιν,
1633 3363 1660 3404 20

396 3413 468 3498 h&
483 3444 537 3527 την
554 3442 765 3527 προσφοράν,
784 3441 900 3506 ὅντινα
918 3444 1044 3526 τρόπον
1061 3440 1265 3526 προσφέρειν
1284 3439 1395 3528 (έστί);
1415 3442 1619 3525 nequeenim

397 3520 550 3638 Madvigio
583 3549 795 3615 medendum
829 3548 1035 3635 προσφέρειν
1067 3548 1184 3613 delenti
1195 3598 1204 3631 ‚
1241 3548 1328 3632 quod
1359 3550 1413 3612 vix
1448 3547 1619 3613 desiderari

399 3650 487 3719 l0flsu
510 3656 541 3722 in
568 3657 631 3724 hue
658 3658 803 3723 oratione
832 3656 956 3739 crudus,
988 3677 1092 3739 neque
1120 3676 1195 3719 vero
1224 3676 1262 3719 eo
1290 3656 1362 3719 Ιοοο
1390 3654 1534 3740 positum
1562 3654 1621 3718 im·

401 3752 499 3826 1³0OEoe
520 3765 691 3850 quominus
714 3768 800 3829 reete
822 3763 1025 3849 intelligatur
1047 3761 1135 3839 ὅπως
1158 3758 1276 3846 ἔχοντα
1295 3762 1349 3826 καὶ
1368 3762 1457 3838 ὅπως
1475 3759 1619 3846 ἔχουσιν.

521 3869 644 3958 Gorgia
660 3894 691 3956 p.
711 3869 782 3953 5‚1
812 3872 854 3954 νὴ
882 3872 944 3954 τὴν
962 3868 1089 3951 Ἥραν,
1121 3864 1146 3933 όι
1176 3872 1208 3933 Γ
1203 3871 1315 3952 οργία,
1348 3870 1473 3953 ἀγαμαί
1498 3892 1536 3952 γε
1563 3870 1622 3945 τὰς

600 3978 803 4062 ἀποκρίσεις,
827 3978 878 4043 δτι
901 3977 1074 4062 ἀποκρίνει
1098 3977 1142 4053 ὡς
1165 3967 1238 4041 οἷόν
1262 3999 1295 4040 τε
1320 3976 1376 4040 διδ
1394 3974 1619 4059 βραχυτάτων.

405 4057 502 4149 11¹tiu
523 4106 652 4171 quoque
675 4084 762 4169 quod
784 4106 950 4170 superesse
973 4084 1143 4148 videbatur
1164 4105 1229 4148 non
1248 4082 1426 4147 tolerarunt
1445 4082 1544 4147 docti:
1569 4103 1620 4146 ex-

408 4179 487 4254 pulso
506 4193 788 4277 interpretamento
813 4213 885 4260 cum
904 4190 1091 4276 Hirschigio
1110 4190 1307 4255 Hartmanus
1327 4188 1500 4275 (Emblem.
1515 4212 1545 4274 p.
1561 4188 1620 4276 94)

408 4279 448 4348 ’λθ
467 4297 554 4365 scribi
577 4299 675 4364 iussit
697 4300 822 4382 ἄγαμαί
843 4297 883 4382 γε’
903 4315 967 4362 σου
990 4298 1041 4363 δτι
1063 4296 1235 4381 ἀποκρίνει
1254 4300 1321 4361 κτλ.
1355 4295 1447 4361 Certe
1467 4319 1504 4361 eo
1524 4296 1620 4361 modo

409 4381 517 4470 loeutus
542 4410 593 4470 eut
620 4402 769 4470 Socrates
797 4404 831 4468 in
858 4403 982 4490 Hippia
1009 4406 1130 4469 maiore
1157 4427 1187 4489 p.
1215 4404 1270 4487 15,
1289 4404 1332 4467 24
1361 4406 1402 4489 νη
1430 4405 1492 4487 τὴν
1510 4402 1662 4488 Ἥρανιο

411 4490 516 4587 ἄγαμαί
534 4530 598 4579 σου
621 4513 672 4578 ὅτι
695 4536 751 4597 μοι
776 4513 886 4588 δοκεῖς
908 4512 1068 4588 εὐνοικῶς
1091 4515 1240 4595 βοηθεῖν.
1279 4509 1341 4575 sed
1364 4510 1447 4575 idem
1469 4510 1555 4595 quod
1574 4510 1621 4575 itu

411 4596 476 4676 licit
495 4618 525 4683 iu
546 4618 711 4705 Apologia
732 4641 762 4703 p.
781 4618 838 4696 59,
857 4618 879 4682 2
902 4618 1001 4701 δρᾶτε
1024 4619 1087 4701 γὰρ
1111 4619 1152 4701 δὴ
1175 4620 1236 4701 τὴν
1258 4619 1407 4701 ἡλικίαν,
1431 4618 1482 4683 ὅτι
1506 4620 1620 4702 πόρρω

412 4703 464 4799 tlt
482 4721 545 4791 ἐστὶ
567 4734 629 4794 τοῦ
651 4726 740 4808 βίου,
762 4726 862 4790 tutari
884 4724 1034 4789 traditam
1059 4726 1196 4789 formam
1219 4724 1372 4789 videatur.

523 4831 646 4918 Hippia
668 4832 741 4897 mai.
760 4855 791 4917 p.
812 4831 845 4913 l,
866 4833 907 4896 16
935 4829 1011 4914 περὶ
1039 4842 1106 4897 τῶν
1134 4842 1241 4915 γενῶν
1268 4844 1335 4896 τῶν
1363 4856 1397 4897 τε
1426 4831 1544 4914 ἡρώων
1567 4830 1622 4896 καλ

602 4950 671 5005 τῶν
693 4937 884 5022 ἀνθρώπων
906 4937 961 5004 καί
985 4949 1052 5003 τῶν
1075 4939 1299 5020 κατοικίσεων,
1323 4939 1371 5015 ὡς
1394 4940 1435 5004 τὸ
1457 4937 1622 5022 ἀρχαίου

604 5045 848 5129 ἐκτίσθησαν
870 5046 909 5108 αλ
933 5048 1076 5121 πόλεις.

416 5122 489 5244 ῌΜῦ
510 5152 730 5235 praemisimus
758 5153 787 5215 si
809 5152 894 5216 forte
917 5152 1090 5237 contigerit
1113 5152 1273 5216 vindicare
1298 5174 1380 5235 quae
1404 5154 1523 5236 scriptu
1547 5156 1623 5215 sunt

418 5242 709 5343 mmufflss

552 5366 593 5430 οὐ
620 5366 697 5447 περὶ
723 5364 870 5449 πολέμου
897 5388 932 5430 τε
959 5366 1128 5431 τὰπολλὰ
1153 5367 1352 5449 διελήλυθεν
1374 5362 1543 5450 (Ὄμηρος)
1567 5362 1622 5429 καί
