3925 6675
692 1139 742 1190 nn
760 1138 912 1192 nonam
931 1139 1093 1190 CARMINE
1110 1139 1149 1190 1v
1163 1142 1188 1192 4.
1488 1136 1553 1200 517

322 1323 435 1365 eorum
460 1321 618 1365 consensu
637 1301 838 1384 acquiescere
858 1302 962 1385 possis
982 1321 1125 1384 securus3
1149 1323 1186 1365 ao
1204 1299 1341 1364 forsitan
1360 1304 1471 1364 nostra
1494 1299 1555 1363 dis·

322 1407 451 1491 putatio
471 1408 617 1490 quamvis
636 1407 742 1471 tenuis
761 1407 883 1492 aliquid
901 1407 942 1472 ad
961 1407 1211 1472 confirmandam
1230 1429 1299 1471 eam
1315 1407 1554 1489 persuasionem

323 1513 506 1580 contulerit.

413 1619 567 1685 Dicemus
585 1624 692 1685 autem
708 1621 746 1685 de
766 1622 906 1685 carmine
924 1619 1000 1684 libri
1019 1621 1126 1704 quarti
1146 1625 1270 1704 quarto,
1289 1640 1353 1703 quo
1372 1622 1486 1684 notum
1506 1623 1555 1684 est

322 1731 452 1812 poetam
462 1725 613 1811 Augusto
628 1732 763 1813 rogante
777 1725 916 1791 Neronis
928 1724 1054 1791 Claudii
1068 1725 1166 1791 Drusi
1181 1727 1315 1790 minoris
1330 1727 1554 1811 privignorum

322 1835 391 1898 eius
408 1832 618 1898 clarissimam
638 1833 676 1897 dc
690 1831 868 1899 Vindelicis
889 1833 1059 1898 victoriam
1077 1834 1202 1898 meritis
1224 1832 1374 1897 laudibus
1393 1832 1553 1897 extulisse.

323 1939 418 2017 Quod
441 1939 497 2003 ille
520 1941 566 2004 ita
588 1940 732 2004 institnit
755 1946 792 2005 ut
814 1962 946 2005 exorsus
971 1963 991 2005 a
1013 1941 1194 2025 magnificis
1218 1940 1413 2026 imaginibus
1437 1939 1554 2022 quibus

323 2051 356 2110 et
379 2047 505 2111 iuvenis
527 2047 703 2111 animosam
726 2048 878 2112 uirtutem
907 2052 940 2113 et
967 2047 1117 2112 hostibus
1142 2051 1294 2112 terrorem
1319 2047 1408 2110 ducis
1432 2047 1554 2130 impetn

322 2154 475 2218 iniectum
504 2153 693 2240 depingeret
714 2154 869 2219 victoriae
897 2177 936 2219 ex
962 2145 1217 2240 repugnantibus
1246 2152 1396 2237 prudenti
1420 2152 1555 2217 consilio

322 2265 434 2343 partae
462 2261 649 2325 memoriam
678 2283 751 2326 curn
776 2261 917 2346 Augusti
940 2261 1064 2325 meritis
1092 2260 1309 2346 coniungeret,
1342 2259 1397 2344 qui
1426 2259 1555 2323 insitam
1567 2282 1597 2335 ,ιο

322 2365 466 2431 filiorum
489 2371 637 2430 naturam
661 2389 719 2432 sua
737 2389 814 2432 cura
832 2371 865 2432 et
883 2367 973 2432 cultu
991 2367 1192 2452 proveheret,
1215 2367 1328 2432 deinde
1347 2388 1466 2431 novum
1486 2387 1554 2430 sen-

322 2474 497 2543 tentiarum
526 2493 652 2538 cursum
686 2474 865 2560 ingressus,
897 2475 984 2559 quod
1016 2473 1092 2540 huic
1120 2472 1254 2539 Claudio
1281 2473 1405 2538 Neroni
1438 2474 1554 2537 honori

324 2584 419 2663 esset,
432 2578 565 2644 altanus
579 2576 705 2660 Claudii
719 2579 859 2645 Neronis
878 2582 1000 2645 incluta
1014 2581 1107 2665 facta,
1122 2581 1239 2665 quibus
1254 2581 1281 2645 is
1295 2581 1418 2664 primus
1433 2579 1556 2644 Hanni-

323 2685 430 2751 balem
453 2708 549 2771 posse
572 2687 657 2751 vinci
681 2686 818 2773 edocuit,
842 2688 962 2772 insigni
986 2688 1080 2752 laude
1103 2686 1300 2772 praedicaret
1323 2691 1356 2752 et
1379 2687 1419 2751 ad
1442 2686 1554 2771 populi

321 2792 462 2858 Romani
485 2794 622 2880 gloriam
647 2798 855 2860 converteret.

412 2898 503 2965 Haec
529 2921 604 2985 pars
632 2901 733 2965 altera
761 2903 924 2986 carminis,
951 2908 989 2966 ut
1013 2900 1141 2988 singula
1168 2906 1252 2966 recte
1275 2901 1397 2985 percipi
1420 2900 1556 2983 possint,

323 3027 454 3072 necesse
476 3011 526 3071 eet
548 3011 749 3092 proponatur
772 3013 849 3073 tota.

581 3150 660 3231 arsid
681 3151 798 3229 debeas,
820 3173 838 3216 o
861 3151 973 3229 Rauca,
998 3151 1182 3230 Neronibus,

582 3259 666 3322 udas
688 3258 872 3322 Metaurum
895 3259 1012 3341 {lacuum
1036 3265 1064 3322 et
1086 3258 1272 3323 Hasdrubal

583 3366 717 3430 &udus
739 3372 767 3429 a
783 3366 914 3446 putatior
934 3368 1056 3449 stipatis

492 3469 537 3533 40
581 3470 634 3535 alle
656 3472 723 3537 dies
746 3472 840 3537 Latio
863 3473 994 3537 tenebris

583 3626 638 3705 qui
656 3626 783 3705 priutus
805 3624 892 3689 alma
914 3627 987 3690 etsit
1010 3627 1134 3705 adorea

582 3731 673 3795 diruas
689 3751 749 3813 per
771 3730 861 3796 urbes
883 3733 964 3812 Aser
986 3737 1022 3796 ut
1043 3733 1147 3797 Italas

583 3856 635 3902 cera
657 3837 790 3918 pumma
807 3858 867 3919 per
890 3839 999 3904 aedas
1017 3839 1064 3903 acl
1087 3859 1180 3903 eureus

575 3965 636 4026 per
658 3943 784 4009 stauos
806 3947 955 4026 eqrrdaoit
975 3946 1088 4009 eadm.

492 4093 536 4156 45
576 4100 649 4175 post
669 4094 725 4159 hoc
746 4096 889 4161 semendis
911 4115 1006 4179 usque
1029 4096 1186 4161 labor-ibus

582 4201 729 4266 Romam
746 4202 845 4284 prebes
867 4205 968 4286 creuit,
991 4204 1125 4284 etiupio

581 4314 704 4373 cauam
728 4309 904 4374 Poenarum
928 4310 1061 4374 tumultu

579 4417 661 4495 sana
684 4417 755 4481 deas
776 4416 907 4481 tabuere
929 4423 1031 4494 reatae,

581 4567 720 4649 dicitque
742 4569 867 4633 taudem
884 4570 1029 4651 perfidus
1052 4569 1219 4634 Hannibal

493 4672 538 4737 50
583 4676 671 4753 cervi,
695 4675 839 4756 luiponem
856 4677 981 4756 praeda
1004 4679 1178 4758 rapacium,

581 4787 734 4845 sedamm
755 4782 845 4862 ultro,
868 4802 943 4864 atus
965 4785 1089 4865 apuam

581 4887 691 4968 {allow
713 4894 741 4953 et
762 4890 895 4972 effugere
916 4895 960 4955 est
982 4891 1166 4973 turaruphus.

580 5059 664 5121 pots,
686 5061 765 5121 arrae
787 5048 919 5106 crearato
940 5043 1034 5122 for-tis
1057 5042 1096 5105 ab
1120 5042 1186 5107 Ilio

583 5149 699 5211 iactata
725 5148 834 5213 Priscis
856 5148 1040 5230 aequor-ibus
1061 5169 1154 5214 sacra

492 5252 535 5317 55
581 5260 728 5336 mtosauc
752 5261 947 5336 maturosque
963 5261 1072 5336 patres

575 5361 706 5442 pertulit
728 5362 890 5427 Arasouias
912 5364 957 5426 ad
978 5364 1076 5444 iarbae,
