3925 6675
667 1058 717 1108 nn
734 1059 964 1110 mmnnsnno
986 1059 1142 1111 venemo
1162 1060 1317 1112 MAXIMO.
1550 1058 1611 1124 151

376 1220 508 1302 latione,
543 1225 579 1284 nt
603 1221 749 1301 primam
781 1222 887 1285 orcdiit
916 1243 986 1286 enm
1018 1224 1247 1303 interemptam,
1283 1221 1408 1306 10001111
1438 1221 1547 1287 dubita
1578 1225 1615 1288 in

372 1327 537 1411 pueliam
560 1327 687 1392 desiluit
709 1349 773 1410 eqs.
815 1326 861 1391 At
879 1326 978 1410 Paris,
1003 1328 1058 1411 qui
1082 1329 1253 1413 separatim
1277 1328 1339 1394 hoc
1363 1334 1459 1414 caput
1482 1330 1613 1395 Metello

376 1433 588 1499 Macedonico
616 1433 748 1518 dicavit,
775 1456 816 1498 ne
844 1435 953 1519 potuit
982 1434 1111 1519 quidem
1139 1437 1202 1500 uisi
1229 1435 1324 1520 pleno
1353 1437 1482 1502 nomine
1506 1438 1612 1521 posito

376 1541 457 1606 estis
481 1541 666 1625 significare
690 1563 786 1624 quem
810 1540 916 1604 vellet.
962 1541 1075 1627 Longe
1098 1541 1192 1606 aliter
1214 1542 1377 1627 Valerius,
1406 1545 1461 1628 qui
1491 1545 1536 1608 sio
1565 1565 1614 1608 or·

375 1648 465 1714 ditur
487 1649 684 1731 Quapropter
707 1649 787 1713 bono
810 1669 880 1712 enm
902 1651 995 1713 nenio
1018 1651 1079 1714 dno
1098 1650 1227 1729 Metelli,
1252 1652 1476 1716 Macedonicas
1498 1652 1614 1716 01Νο-

375 1757 522 1838 midicns,
549 1758 691 1820 monimo
709 1757 839 1839 patriae
860 1762 1053 1834 ornamento,
1076 1759 1208 1822 strictim
1230 1779 1263 1822 se
1284 1760 1417 1823 narrari
1433 1761 1613 1840 parionem,-

375 1867 407 1926 et
433 1861 489 1926 hie
518 1864 715 1946 praemissis,
743 1865 771 1928 si
798 1864 845 1928 ita
872 1863 911 1928 ad
934 1886 1001 1928 rem
1025 1865 1214 1929 narrandam
1243 1865 1430 1951 aggreditur
1451 1867 1614 1930 Acerrime

374 1989 445 2033 mm
470 1969 618 2052 Scipione
635 1971 793 2051 Africano
811 1971 1037 2036 Macedonicas
1059 1973 1254 2051 dissenserat,
1278 1973 1356 2056 quid
1379 1973 1506 2037 tandem
1532 1973 1613 2037 desi-

376 2075 480 2141 derari
505 2077 666 2141 dicimus?
689 2079 744 2161 qni
769 2077 905 2142 eundem
927 2077 1090 2142 hominem
1115 2079 1210 2143 etiam
1234 2079 1318 2143 infra
1341 2080 1375 2143 in
1398 2079 1509 2144 eodem
1528 2081 1612 2164 capi·

375 2183 446 2248 tulo
476 2183 719 2249 Macedon-icam
748 2185 923 2270 appellavit
951 2206 1023 2249 cum
1048 2185 1094 2250 ita
1117 2185 1196 2251 dicit
1218 2208 1283 2250 rem
1304 2187 1466 2268 publicam
1487 2188 1613 2268 pariter
1627 2211 1652 2250 ιο

376 2293 533 2373 Africani
560 2297 656 2356 morte
682 2294 830 2356 miseram
857 2298 886 2356 et
910 2292 1109 2356 Macedonici
1135 2299 1201 2356 tom
1228 2292 1369 2356 hnmano
1392 2292 1612 2357 lamentatione

374 2399 505 2480 felicem.
550 2397 650 2463 Plane
679 2399 814 2462 eundem
843 2400 944 2485 igitur
971 2398 1101 2464 modum
1128 2420 1214 2463 nunc
1237 2403 1366 2465 secutus
1389 2403 1439 2464 est
1461 2397 1610 2463 Valerius

378 2528 440 2592 quo
468 2529 501 2590 p.
523 2505 596 2587 165,
615 2507 658 2570 22
686 2506 800 2570 scribit
827 2526 896 2570 nom
923 2527 961 2570 ee
984 2507 1123 2587 professo
1149 2508 1335 2571 inimicitias
1362 2526 1432 2570 enm
1455 2505 1610 2587 Africano

378 2622 404 2679 et
421 2616 566 2680 11111100
585 2613 783 2696 Smpronibns
802 2619 925 2696 pareret,
949 2619 977 2677 et
999 2613 1161 2678 Asiaticis
1178 2614 1336 2678 indieotoe
1347 2615 1501 2695 peonnioe
1518 2616 1610 2679 sotis-

379 2722 454 2786 dore
480 2743 546 2786 non
567 2727 672 2804 posset
699 2742 762 2804 eqs.
809 2718 848 2784 In
874 2721 1057 2786 narratione
1085 2723 1191 2784 autem
1224 2721 1262 2784 de
1292 2720 1431 2785 Metellis
1465 2742 1537 2785 cum
1570 2721 1610 2786 ad

380 2830 512 2893 alterum
536 2850 646 2893 eorum
670 2827 841 2892 deventum
864 2832 913 2890 est
937 2848 961 2891 c.
984 2827 1024 2890 13
1047 2827 1144 2911 plena
1166 2827 1381 2912 appellatione
1404 2850 1481 2892 usus
1499 2851 1610 2912 perap

381 2937 481 3019 posite
506 2936 698 3000 Numidicus
720 2941 822 2999 1010111
842 2935 988 2999 Metellos
1007 2934 1127 2999 scribit.
1164 2934 1291 2999 Partem
1311 2937 1426 3000 erroris
1445 2957 1482 3000 eo
1502 2939 1609 3000 natam

383 3048 527 3126 putamus
551 3042 638 3127 quod
661 3064 727 3106 non
751 3043 921 3107 coniuncta
943 3041 1095 3127 legimtur
1114 3042 1148 3105 in
1166 3041 1307 3127 Kampfii
1331 3042 1505 3127 exemplari
1529 3064 1609 3126 quae

386 3170 444 3212 uno
461 3153 568 3214 tamen
587 3153 698 3213 tenore
716 3148 781 3235 legi
801 3148 985 3233 oportebat3
1005 3170 1040 3212 ac
1060 3149 1186 3232 saepius
1205 3150 1239 3213 in
1257 3148 1320 3213 hoc
1339 3151 1493 3234 scriptore
1512 3171 1609 3234 prave

390 3254 539 3322 1111110110
564 3257 723 3341 capitibus
747 3257 775 3321 si
796 3277 863 3320 non
887 3277 1024 3341 errores,
1048 3260 1081 3320 at
1103 3260 1221 3320 tamen*
1235 3255 1463 3341 impedimenta
1485 3256 1608 3321 intelle·
1624 3286 1650 3326 n

392 3364 475 3448 genili
497 3369 591 3450 parta
614 3370 697 3428 sunt.

358 3471 383 3527 ll
468 3469 506 3536 In
528 3470 627 3536 simili
650 3493 746 3536 cansa
768 3469 893 3536 Paridis
917 3472 1059 3555 epitoma
1082 3470 1173 3534 abusi
1197 3492 1215 3533 a
1239 3471 1404 3555 scriptoris
1429 3475 1535 3534 mente
1559 3471 1611 3534 de·

396 3583 526 3643 emerunt
549 3579 652 3643 critici
675 3596 725 3641 v11
743 3580 773 3662 4,
793 3578 813 3641 3
838 3576 927 3662 (346,
942 3577 999 3664 24)

512 3686 605 3751 Iliad
621 3707 738 3767 quoqne
756 3684 928 3750 moiom'lrns
945 3691 974 3749 et
991 3685 1119 3750 consilio
1136 3685 1308 3767 pendenter
1328 3691 1356 3749 et
1374 3687 1458 3750 eeitn
1478 3686 1610 3767 feliciter

478 3834 486 3849 ·
508 3796 687 3877 provisam:
710 3813 780 3856 enm
803 3794 886 3857 enim
909 3791 984 3856 nrbe
1007 3798 1098 3873 copto
1120 3792 1210 3858 Galli
1229 3791 1419 3873 Capitolium
1438 3793 1611 3858 obsiderent

511 3901 669 3981 solomone
676 3899 820 3982 potteredi
834 3901 900 3963 eins
913 3919 998 3980 spem
1013 3901 1049 3962 in
1061 3894 1148 3980 tome
1161 3920 1265 3963 eornm
1279 3901 1446 3979 repositam
1462 3901 1610 3964 animod-

511 4013 666 4085 uerterent,
682 4027 838 4088 1101011101
857 4005 970 4070 collido
988 4027 1097 4088 ponere
1114 4006 1238 4071 consilii
1255 4008 1347 4070 nnioo
1359 3992 1610 4087 perseverantiae

511 4117 713 4179 inritamento
744 4116 872 4178 victores
903 4114 1130 4195 spoliaverunt:
1154 4134 1257 4194 pones
1286 4114 1370 4176 enim
1403 4115 1503 4177 iacere
1529 4134 1609 4178 eone-

506 4222 653 4303 plnnbns
675 4242 690 4285 e
712 4221 787 4286 loeis
809 4227 977 4302 ooepemnt.
1028 4221 1093 4301 Quo
1120 4219 1288 4301 spectaculo
1317 4220 1537 4302 obstupefactos
1559 4223 1609 4285 in·

511 4330 695 4411 finitamque
714 4330 867 4410 frumenti
889 4328 1120 4392 obnndontinm
1143 4328 1258 4391 nostris
1280 4348 1434 4408 superesse
1457 4328 1609 4393 medentes
1622 4357 1649 4397 ro

513 4436 557 4500 od
571 4438 750 4518 podionem
774 4436 960 4499 omittendae
982 4434 1154 4498 obsidionis
1176 4434 1394 4514 competerent.

372 4625 375 4631 Ι
406 4530 488 4625 Aegre
517 4543 601 4607 enim
634 4542 754 4606 dixeris
788 4541 866 4625 quid
898 4542 931 4605 in
964 4540 1016 4604 his
1043 4562 1109 4604 non
1136 4543 1222 4605 recte
1255 4545 1311 4604 aut
1342 4562 1409 4604 non
1439 4542 1608 4626 perspicue

407 4640 499 4715 tlttum
526 4652 581 4734 sit3
615 4653 701 4715 certe
731 4649 788 4733 qui
816 4648 883 4712 sint
911 4648 965 4732 qui
995 4648 1089 4711 unico
1118 4648 1372 4733 perseverantiae
1400 4649 1607 4714 inritamento

408 4750 516 4822 imre
545 4756 700 4843 spoliasse
730 4756 890 4840 dicantur,
922 4756 1083 4819 neminem
1115 4756 1287 4838 praeterire
1318 4759 1426 4840 potest
1457 4758 1512 4839 qui
1543 4779 1606 4840 quo

409 4874 470 4925 nexu
488 4862 562 4930 haec
585 4867 788 4949 exponantur
812 4862 992 4926 attenderit.
1030 4860 1131 4945 Atqui
1155 4860 1278 4926 Paridis
1302 4864 1444 4946 epitoma
1468 4862 1556 4949 (554,
1571 4861 1607 4949 9)

408 4956 467 5032 haec
483 4968 576 5037 habet

514 5078 591 5144 Gnm
617 5078 693 5143 nrbe
719 5084 809 5160 copto
837 5078 927 5143 Galli
953 5076 1143 5158 Capitolium
1174 5076 1345 5140 obsiderent
1371 5077 1527 5158 solomone
1549 5098 1607 5158 po·

514 5188 610 5251 tiendi
632 5188 699 5251 eins
720 5207 805 5268 spem
829 5187 864 5248 in
884 5186 972 5265 fame
995 5205 1098 5248 eornm
1126 5186 1291 5264 repositum
1316 5184 1606 5265 animadverterent,

508 5314 658 5377 perentam
690 5292 804 5358 collido
834 5312 943 5375 penore
974 5291 1098 5356 consilii
1129 5291 1268 5355 Roaiam
1299 5292 1350 5355 nsi
1375 5311 1478 5371 pones
1507 5292 1607 5355 100010
