3925 6675
425 1104 722 1157 onsmvnmorms
742 1103 910 1155 CRITICAE
927 1105 967 1154 IN
988 1102 1188 1155 SOPHOCLIS
1206 1104 1408 1154 ELECTRAM.
1467 1101 1531 1166 169

291 1265 383 1349 quod
402 1270 551 1350 apertum
569 1269 619 1330 est
637 1265 873 1348 ξυγγίγνεσθαι
894 1265 966 1350 pari
985 1265 1081 1330 modo
1096 1266 1240 1348 positum
1255 1287 1324 1329 esse
1339 1286 1403 1348 quo
1418 1270 1532 1347 φιλεῖν

290 1373 327 1437 in
345 1371 487 1455 Electra,
504 1395 571 1437 non
589 1371 675 1450 ἄξιοι
694 1373 934 1456 ξυγγίγνεσθαι
949 1372 1100 1437 dicuutur
1115 1373 1169 1436 sed
1183 1371 1307 1447 παντὸς
1322 1370 1407 1448 ἄξιοι
1422 1371 1530 1456 ξυγγί-

289 1486 437 1563 γνεσθαι
455 1480 487 1544 h.
502 1502 528 1544 e.
547 1501 614 1544 non
627 1480 717 1565 digni
732 1479 787 1544 sed
801 1480 940 1543 maxime
954 1479 1044 1565 digni
1059 1480 1251 1562 quibuscum
1266 1477 1530 1543 consuetudinem

288 1585 423 1651 habeas.
465 1584 624 1650 Addimus
647 1588 781 1651 alterum
808 1585 991 1670 exemplum
1016 1586 1159 1650 eiusdem
1177 1585 1362 1668 locutionis,
1385 1585 1472 1668 qnod
1491 1607 1531 1649 ex

289 1691 441 1758 Phaedro
451 1693 597 1758 Platonis
616 1694 766 1777 petimus,
785 1694 841 1758 ubi
855 1694 901 1757 ita
914 1693 1060 1776 loquitur
1069 1690 1217 1757 Socrates
1233 1690 1278 1776 (p.
1288 1692 1341 1776 47,
1351 1691 1372 1755 3
1383 1690 1530 1779 Sohann.)

430 1800 485 1864 ὅτε
508 1801 639 1886 σπουδῇ
659 1817 696 1865 σε
714 1803 877 1884 πεῖθοιμι,
902 1800 1073 1875 συντιθεὶς
1092 1802 1194 1882 λόγον
1212 1795 1350 1864 ἔπαινον
1369 1800 1451 1862 κατὰ
1469 1808 1530 1864 τοῦ

476 1909 573 1990 ὄνου,
601 1908 705 1972 ἵππον
732 1907 944 1989 ἐπονομάζων
971 1907 1025 1970 καὶ
1054 1905 1160 1989 λέγων
1184 1907 1228 1982 ὡς
1250 1907 1395 1982 παντὸς
1417 1904 1530 1983 ἄξιον

473 2015 515 2078 τὸ
539 2013 697 2097 θρέμμα
721 2019 808 2079 οἶκοι
832 2037 866 2078 τε
889 2018 1107 2096 κεκτῆσθαι
1131 2014 1185 2077 καὶ
1210 2011 1262 2077 ἐπὶ
1286 2022 1448 2097 στρατιᾶς.

289 2118 353 2185 His
376 2122 481 2206 igitur
503 2120 712 2205 exemplis*l‚
734 2121 845 2206 paucis
870 2120 999 2204 quidem
1023 2119 1078 2183 sed
1102 2120 1196 2183 certis
1221 2124 1253 2183 et
1275 2121 1404 2203 apertis,
1427 2120 1529 2184 adiuti

289 2233 322 2291 et
346 2227 531 2292 confirmati
554 2226 675 2292 multos
699 2250 800 2292 annos
823 2228 857 2291 in
881 2225 1000 2290 scholis
1020 2224 1210 2311 Sophocleis
1229 2226 1326 2290 verba
1344 2225 1491 2290 Electrae
1510 2249 1572 2291 ειο

289 2335 478 2399 criticorum
502 2335 693 2399 commentis
717 2335 817 2398 tutari
840 2333 977 2398 viriliter
1000 2332 1196 2415 studuimus,
1221 2332 1303 2397 illud
1326 2355 1455 2417 quoque
1478 2333 1529 2397 de

290 2441 426 2523 clar-ere,
456 2439 545 2518 ἄξιος
569 2441 645 2524 quia
667 2441 734 2505 vim
757 2440 854 2524 pretii
878 2440 1026 2524 haberet,
1054 2461 1091 2504 ea
1112 2440 1204 2504 notio
1227 2440 1283 2504 ubi
1308 2440 1530 2526 exaggeranda

289 2553 385 2630 esset,
409 2546 520 2612 addito
542 2548 694 2634 genetivo
717 2552 855 2628 πολλοῦ,
879 2549 1002 2623 παντός
1025 2547 1135 2632 augeri
1158 2547 1286 2610 solitam
1310 2569 1388 2630 esse,
1409 2546 1530 2624 πολέος

291 2655 330 2718 δέ
357 2655 389 2719 ol
415 2653 509 2732 ἄξιον
531 2650 623 2718 ἔσται
649 2652 721 2738 (Οδ.
740 2672 803 2718 vm
821 2651 902 2739 405)
927 2655 946 2717 i.
966 2676 992 2718 e.
1019 2674 1051 2718 es
1077 2654 1161 2717 αἰνεῖ
1186 2654 1253 2718 ihm
1280 2655 1350 2719 selo·
1377 2655 1529 2719 wetbooll

288 2763 375 2837 seim·
404 2761 457 2823 vel
484 2764 521 2824 ut
548 2759 729 2846 Xenophon
757 2762 904 2844 loquitur
931 2760 964 2824 in
993 2759 1336 2847 Anabuei(1v1,28)
1361 2759 1529 2845 Ἀριστέας

290 2870 388 2949 Χῖος,
420 2865 457 2943 ὃς
484 2873 653 2951 πολλαχοῦ
679 2871 806 2932 πολλοῦ
830 2868 921 2945 ἄξιος
943 2877 982 2951 τῇ
1008 2874 1144 2953 στρατιᾷ
1168 2870 1214 2944 εἰς
1237 2870 1277 2932 τὰ
1301 2877 1436 2932 τοιαῦτα
1460 2867 1527 2950 ἐγέ-

290 2997 367 3038 νετο
390 2974 423 3037 h.
443 2994 469 3037 e.
496 2974 567 3039 sehr
593 2975 749 3039 wertbooll
773 2977 830 3056 fiir
854 2971 1091 3059 dcrplcicben*),
1120 2997 1159 3038 ex
1181 2973 1242 3038 hac
1265 2978 1373 3038 autem
1397 2995 1527 3038 consue-

291 3080 405 3145 tudine
433 3086 544 3144 uatum
575 3102 643 3146 esse
666 3082 818 3166 alterum,
845 3086 882 3145 ut
906 3083 958 3145 vel
981 3081 1026 3145 ibi
1050 3080 1199 3166 genetivo
1223 3080 1332 3145 addito
1356 3085 1528 3166 augeretur

291 3188 340 3252 vis
364 3188 455 3252 vocis
478 3186 577 3271 ἄξιος,
599 3188 656 3251 ubi
680 3188 776 3252 simul
800 3187 996 3253 infinitivum
1015 3187 1106 3252 verbi
1126 3186 1189 3252 sibi
1207 3188 1366 3252 adiectum
1386 3187 1528 3269 haberet,

290 3293 378 3379 quod
397 3316 463 3379 qua
480 3315 514 3359 re
533 3295 606 3379 quis
625 3294 742 3380 dignus
760 3294 934 3360 haberetur
954 3295 1157 3381 significaret.
1196 3292 1258 3359 Sed
1273 3295 1339 3359 sive
1353 3295 1416 3361 hoc
1430 3297 1526 3363 modo
1542 3319 1570 3359 ιο

291 3402 360 3467 sive
382 3402 446 3465 alio
469 3401 554 3467 hanc
576 3403 809 3487 proprietatem
833 3425 910 3467 usus
934 3401 1156 3486 explicandam
1181 3407 1319 3486 censent,
1343 3403 1381 3466 de
1404 3405 1528 3490 reipsa

292 3508 433 3572 dubitari
454 3530 522 3573 nou
544 3512 661 3593 potest.
703 3509 753 3574 Ac
775 3531 878 3595 nuper
898 3531 1019 3573 novum
1039 3510 1173 3574 accessit
1191 3509 1333 3574 eiusdem
1353 3509 1526 3575 locutionis

293 3614 488 3699 exemplum,
522 3616 608 3699 qnod
640 3638 700 3680 nos
732 3616 861 3701 quidem
896 3616 1001 3681 adhuc
1028 3617 1163 3701 fugerat,
1197 3616 1283 3700 quod
1311 3621 1432 3700 tamen,
1464 3620 1527 3683 nisi

245 3721 379 3785 renuit
414 3723 543 3807 opinio,
580 3723 676 3807 primi
707 3723 748 3786 ad
779 3745 890 3787 verum
924 3723 1156 3808 interpretandi
1187 3724 1318 3788 modum
1351 3725 1527 3809 referimus,

296 3825 408 3892 Diouis
431 3827 668 3912 chrysostomi.
695 3850 790 3913 quem
822 3831 899 3894 olim
929 3853 948 3893 a
974 3831 1068 3895 nobis
1099 3829 1355 3895 adolescentibus
1384 3832 1527 3897 studiose

299 3938 462 4017 versatum,
477 3935 564 4019 quod
578 3935 675 4000 modo
689 3937 830 4002 recolere
844 3937 1020 4021 coepimus,
1034 3937 1189 4001 beneficio
1204 3937 1325 4001 factum
1338 3943 1387 4001 est
1396 3936 1526 4002 Ioannis

302 4038 445 4123 Amimii,
472 4042 534 4106 viri
561 4042 694 4126 nobilis,
722 4044 777 4127 qui
806 4045 946 4128 priorem
975 4046 1157 4108 orationum
1185 4049 1306 4128 partem
1338 4043 1377 4107 ad
1400 4044 1526 4109 codices

305 4144 464 4232 dssigenter
490 4169 642 4213 excussos
671 4150 871 4235 recognitam
900 4152 1095 4235 ingenioque
1122 4155 1188 4215 tam
1219 4173 1276 4215 suo
1301 4173 1397 4235 quam
1422 4151 1526 4217 alieno

308 4252 492 4318 emendatam
517 4255 625 4320 edidit.
662 4255 726 4320 Dio
750 4257 851 4342 igitur
873 4258 983 4322 statim
1007 4258 1040 4321 in
1063 4257 1168 4342 prima
1191 4258 1334 4322 oratione
1354 4258 1432 4322 hacc
1451 4260 1527 4323 scri·

310 4358 370 4439 psit
389 4360 416 4444 l,
432 4361 461 4427 6.
1539 4386 1567 4425 ιο

428 4466 445 4533 ὁ
468 4477 553 4552 γοῦν
576 4472 750 4551 Τιμόθεος,
773 4472 804 4552 ελ
822 4470 973 4555 καθάπερ
993 4476 1172 4553 πολεμικόν
1189 4497 1264 4536 τινα
1283 4474 1433 4536 διελθεῖν
1452 4471 1525 4560 ᾔδει

469 4578 586 4661 νόμον,
606 4574 712 4665 οὕτως
729 4576 889 4659 ἠπίστατο
909 4580 1040 4662 αὔλημα
1059 4580 1192 4643 δικαίαν
1210 4577 1263 4643 καὶ
1284 4582 1451 4664 φρόνιμον
1469 4578 1524 4645 καὶ

471 4683 632 4767 σώφρονα
654 4684 715 4767 τὴν
737 4686 851 4767 ψυχὴν
873 4682 928 4749 καὶ
950 4686 1195 4769 φιλάνθρωπον
1214 4687 1402 4767 δυνάμενον
1421 4709 1525 4770 παρα-

471 4800 573 4873 σχεῖν,
593 4790 638 4873 μὴ
655 4791 738 4873 πρὸς
757 4789 842 4855 ὅπλα
861 4791 1018 4875 ὁρμῶσαν
1036 4794 1142 4874 μόνον
1161 4792 1243 4857 ἀλλὰ
1264 4792 1318 4857 ἐπί
1335 4817 1369 4858 τε
1389 4796 1525 4877 εἰρήνην

470 4896 523 4960 καὶ
546 4896 707 4981 ὁμόνοιαν
729 4896 784 4961 καὶ
808 4904 900 4962 θεῶν
923 4901 1018 4982 τιμὰς
1041 4897 1096 4962 καὶ
1116 4898 1306 4983 ἀνθρώπων
1325 4899 1524 4983 ἐπιμέλειαν,

324 5007 505 5030 χ...

408 5083 447 5154 ’9)
464 5087 651 5159 [Aristophun.
668 5091 717 5143 Av.
733 5096 784 5143 797
804 5086 851 5156 ἆρ’
872 5089 1032 5157 ὑπόπτερον
1052 5089 1184 5159 γενέσθαι
1203 5090 1310 5155 παντός
1329 5092 1401 5146 ἐστιν
1416 5093 1522 5163 ἅξιονς]

395 5170 448 5243 ’17)
465 5176 600 5248 [l'hucyd.
614 5197 644 5231 rr
657 5183 700 5246 40,
715 5185 730 5231 2
751 5177 921 5246 ἀπεκρίνατο
941 5182 1017 5251 αὐτῷ
1032 5181 1198 5249 (Spartanus
1214 5182 1341 5249 captivus
1357 5180 1522 5235 Atheniensi

328 5262 445 5317 (Muti
460 5266 493 5320 dc
511 5266 615 5320 virtute
632 5270 816 5337 mortuorum)
834 5272 938 5323 πολλοῦ
957 5267 993 5323 ἂν
1013 5269 1093 5335 ἄξιον
1113 5266 1185 5323 εἶναι
1205 5268 1254 5324 τὸν
1268 5270 1416 5335 ἄτρακτον,
1435 5268 1522 5338 λέγων

328 5340 368 5392 ‘l'
383 5346 466 5420 ῠῖπδν,
482 5357 507 5409 εἰ
523 5356 589 5420 τοὺς
606 5357 737 5426 ἀγαθοὺς
754 5356 933 5427 διεγίγνωσκε
952 5359 1124 5429 peracerbo]
