3925 6675
550 1096 608 1163 ,DE
627 1094 855 1145 sneundune
874 1094 1019 1144 sunnon
1037 1092 1177 1143 snnlcls
1197 1092 1364 1144 OCTAVIO.
1531 1089 1595 1154 119

401 1259 458 1318 aab
479 1254 519 1342 (3)
545 1256 677 1321 eandem
706 1255 897 1320 sententiam
925 1255 1033 1319 verbis
1062 1253 1191 1338 quidem
1219 1253 1291 1318 aliis
1320 1253 1449 1337 extulit,
1480 1255 1596 1317 muniti

403 1362 574 1427 inmanitatis
590 1385 668 1428 urae
685 1370 807 1427 terrore.
835 1361 895 1426 His
911 1362 1004 1426 nobis
1020 1362 1149 1445 quidem
1168 1361 1247 1424 satis
1267 1360 1440 1444 probatum
1459 1360 1596 1442 videtur,

403 1464 544 1533 Minodum
566 1468 650 1534 nihil
674 1469 762 1533 aliud
785 1469 925 1534 scribere
948 1470 1095 1554 potuisse
1119 1491 1215 1551 quam
1240 1468 1326 1551 quod
1350 1471 1399 1531 est
1423 1469 1456 1531 iu
1485 1467 1595 1532 codice

402 1576 480 1640 tuus.
509 1575 577 1640 Nisi
601 1575 688 1661 quod
712 1577 948 1660 comparativus
973 1574 1165 1658 displicebit,
1189 1574 1272 1638 unde
1291 1576 1395 1639 omnis
1415 1578 1486 1638 orta
1504 1572 1596 1637 dubi·

402 1681 462 1743 tatio
481 1682 604 1747 ridetur.
643 1681 741 1759 Quasi
765 1704 840 1746 vero
859 1683 1021 1746 Minucius
1045 1682 1227 1766 scripsisset
1244 1682 1322 1763 quid
1339 1683 1499 1759 arrrlaor'us,
1518 1681 1597 1762 quaid

401 1789 480 1867 utu,
499 1795 548 1854 aut
571 1813 697 1854 summa
720 1791 769 1854 vis
793 1791 969 1854 sententiae
994 1789 1027 1852 in
1050 1795 1114 1853 luto
1137 1792 1220 1854 esset
1243 1811 1281 1854 ac
1303 1811 1369 1853 non
1390 1789 1422 1852 in
1441 1788 1595 1870 confiden-

401 1894 434 1955 tu
458 1897 576 1974 saluis,
610 1918 692 1981 quae
724 1918 791 1961 non
822 1896 919 1982 longe
952 1897 1052 1960 distat
1080 1896 1120 1958 ab
1148 1895 1347 1979 impudentia
1375 1894 1428 1981 (cf.
1454 1894 1516 1959 Cic.
1536 1918 1595 1979 pro

402 1995 469 2063 Caee.
486 2005 508 2085 1,
524 2003 567 2089 2).
611 2001 725 2087 Itaque
754 2004 815 2068 hoc
844 2003 935 2087 dicit,
967 2003 1046 2084 quid
1073 2004 1239 2086 audacius,
1271 2004 1349 2084 prud
1378 2003 1595 2084 irrrpudentlus,

401 2110 442 2167 aut
465 2112 530 2190 auid
559 2113 663 2193 rnapis
686 2113 732 2174 ita
762 2117 971 2193 perpetratumv
1005 2116 1060 2188 est,
1092 2117 1126 2175 ut
1159 2111 1228 2191 rpsu
1260 2111 1447 2192 confidentia
1475 2109 1597 2173 sceleris

400 2211 473 2278 udus
490 2222 644 2283 tutaretur.
1611 2243 1636 2284 n

360 2312 391 2367 ¹⁸
468 2319 547 2390 Iniis
557 2347 640 2408 qnae
650 2325 846 2409 praecedunt
856 2347 950 2409 aegre
961 2325 1092 2389 ferimus
1103 2325 1189 2408 quod
1200 2323 1344 2390 Usenero
1356 2323 1595 2407 obloquendum

402 2429 443 2505 ut
458 2431 501 2512 qui
516 2433 549 2496 in
569 2432 623 2496 his
643 2433 760 2516 quibus
776 2430 968 2497 Sabinarum
983 2435 1095 2517 raptus
1115 2430 1307 2497 describitur
1321 2430 1371 2518 (8)
1389 2453 1459 2496 mou
1473 2432 1596 2495 alienus

401 2530 504 2611 ornus
523 2542 589 2603 iam
608 2540 810 2622 depromam
828 2541 894 2604 laur
913 2541 1086 2604 destinuas
1104 2546 1132 2604 et
1150 2539 1319 2604 nonnullas
1338 2541 1376 2603 de
1394 2540 1595 2603 erratriuroru'o

401 2637 564 2711 mulierculas
585 2648 655 2710 sine
676 2668 760 2711 more
782 2649 890 2727 rapuit
911 2646 1039 2711 uiolauit
1061 2647 1174 2711 intrusit
1193 2646 1290 2710 verba
1309 2647 1374 2710 ianr
1395 2647 1596 2727 desponsatas

401 2740 528 2816 damnat
549 2756 587 2816 ut
610 2753 733 2838 spuria;
756 2753 789 2816 id
812 2753 898 2836 quod
922 2753 977 2817 ille
1001 2775 1066 2817 non
1090 2751 1221 2818 Halmio
1246 2752 1374 2836 quidem
1404 2756 1440 2816 ut
1467 2752 1596 2816 ridetur

401 2853 441 2912 aot
458 2852 630 2944 Dombsrto,
662 2860 717 2924 sed
740 2859 780 2924 H.
800 2858 952 2945 Sauppio,
986 2860 1041 2924 scd
1075 2858 1297 2924 Cornelisseno
1327 2858 1595 2942 Baehrensioque,

401 2964 536 3035 postremis
559 2966 746 3048 editoribus,
774 2967 932 3052 probavit.
977 2966 1048 3032 Nos
1071 2968 1117 3031 ita
1140 2969 1304 3051 sentimus,
1333 2988 1414 3050 quae
1437 2967 1472 3031 in
1495 2970 1595 3030 trans·

400 3057 448 3127 leto
470 3071 585 3138 dicendi
612 3095 728 3160 genere
753 3072 862 3139 Cicero
892 3073 930 3138 de
954 3073 1083 3159 harusp.
1102 3096 1184 3159 resp.
1204 3075 1234 3160 3,
1254 3075 1274 3137 6
1298 3076 1331 3138 in
1355 3073 1441 3138 huuc
1464 3073 1595 3137 modum

398 3175 529 3252 oomni
559 3181 677 3246 uuus
706 3183 800 3246 etiarn
832 3184 916 3263 quod
947 3183 1168 3263 exspectatione
1194 3184 1334 3246 ouruiurn
1364 3182 1536 3262 (adiutura
1568 3187 1596 3244 et

398 3273 539 3353 d‘lu'su'ruo
557 3290 634 3367 uiro,
659 3289 695 3352 Τ.
713 3289 833 3371 Annio,
856 3290 963 3354 deuota
987 3294 1013 3353 et
1036 3291 1201 3355 constituta
1224 3290 1285 3354 isla
1308 3289 1409 3354 hostia
1432 3309 1494 3353 esse
1511 3289 1595 3353 uide·
1610 3317 1637 3357 ao

397 3386 441 3462 ils,
462 3398 504 3458 us
530 3418 578 3460 me
597 3397 782 3478 praerupere
809 3397 993 3478 desponsam
1019 3398 1083 3459 iarn
1107 3402 1135 3460 et
1157 3397 1345 3461 destinatam
1368 3397 1502 3475 laudern,
1526 3416 1594 3460 eum

397 3489 446 3569 une
462 3503 519 3567 eius
540 3524 635 3584 opera
657 3509 685 3567 et
708 3504 892 3585 dipnitatem
915 3510 943 3567 et
964 3503 1096 3568 salutern
1119 3505 1337 3585 recuperari-ur,
1360 3504 1450 3567 ualde
1472 3510 1516 3569 est
1532 3506 1596 3569 ini·

394 3617 473 3685 uuna,
497 3631 533 3673 ea
559 3610 643 3673 nihi]
671 3609 825 3694 impedire
854 3610 1025 3693 quominus
1053 3632 1111 3675 suo
1136 3610 1268 3695 proprio
1292 3632 1387 3674 sensu
1411 3632 1430 3674 a
1453 3609 1595 3675 Minucio

394 3717 544 3796 conposita
572 3721 766 3799 statuamus,
794 3717 840 3781 ita
869 3717 998 3799 quidem
1022 3721 1058 3780 ut
1082 3717 1244 3802 anaphora
1268 3716 1412 3781 adhibita
1436 3718 1501 3780 rim
1525 3717 1596 3781 rhe-

395 3814 498 3887 t‘tritam
517 3845 583 3887 non
596 3822 712 3888 leviter
725 3825 903 3908 extolleret,
921 3826 988 3887 taur
1003 3825 1205 3905 desperaretur
1219 3827 1284 3888 iarn
1299 3824 1478 3889 deuinctus.
1511 3823 1543 3888 N
1544 3846 1596 3888 am

392 3927 458 4001 quod
481 3931 663 4013 desponsam
688 3928 813 4008 Cicero,
841 3931 1043 4011 desponsatas
1070 3930 1232 3995 Minucius
1260 3931 1386 4011 scribit,
1414 3935 1595 4015 temporum

390 4025 535 4102 ditorimen
557 4037 757 4123 agnoscitu13
781 4060 863 4121 quae
886 4038 971 4101 enirn
996 4037 1225 4102 vetustioribus
1249 4038 1400 4119 desponsa
1423 4043 1499 4121 erat,
1523 4059 1595 4102 ean-

389 4132 445 4204 den
468 4146 659 4228 posteriores
687 4145 903 4225 desponsatam
933 4143 1153 4228 appellabant3
1186 4145 1294 4227 itaque
1327 4145 1367 4208 ad
1395 4145 1594 4228 superiorum

389 4261 464 4312 usum
483 4248 598 4315 Festus
622 4250 712 4335 (146,
732 4252 775 4314 24
794 4249 867 4337 Th.)
891 4252 936 4315 ait
959 4272 1029 4315 nour
1052 4252 1204 4332 desponsa
1226 4257 1281 4329 est,
1311 4251 1350 4315 ad
1378 4252 1594 4335 posteriorum

389 4342 649 4444 Paulus(p.147)
674 4378 742 4422 crura
764 4358 874 4440 puella
901 4360 1145 4439 desponsaretur.
1184 4356 1246 4421 Sed
1270 4358 1308 4421 de
1336 4358 1500 4442 anaphora
1528 4363 1592 4423 tam
1609 4386 1636 4426 ao

389 4454 598 4547 insimilibus,
625 4464 847 4549 temporibus
871 4466 899 4529 si
922 4466 994 4550 quis
1019 4464 1158 4548 dubitet,
1186 4469 1223 4527 ut
1251 4463 1414 4528 mittamus
1443 4464 1520 4529 talia
1543 4466 1595 4531 rel

388 4557 551 4636 Ciceronem
575 4593 640 4636 non
663 4572 820 4657 refugere,
842 4572 931 4637 velut
950 4571 1048 4638 Acad.
1067 4570 1166 4655 prior.
1185 4589 1209 4634 11
1229 4572 1281 4653 24,
1302 4570 1343 4635 75
1366 4573 1511 4637 videorne
1529 4573 1594 4651 tibi,

388 4687 437 4737 non
455 4684 486 4742 ut
502 4678 700 4744 Saturninus
716 4682 881 4744 nominare
895 4680 984 4744 ruodo
999 4679 1145 4744 inlustres
1158 4679 1304 4755 lorruues
1328 4679 1383 4743 sed
1405 4681 1499 4743 etium
1524 4682 1595 4744 turi-

387 4779 437 4844 ton'
456 4806 625 4867 namneum
647 4787 714 4850 nisi
736 4786 865 4865 dururrr,
888 4788 954 4851 nisi
977 4786 1121 4863 nobileru,
1150 4786 1244 4849 istam
1274 4786 1300 4849 si
1330 4807 1394 4869 qua
1421 4790 1470 4849 est
1498 4786 1596 4850 offen·

389 4882 489 4957 donem
512 4893 606 4958 tollet
629 4891 723 4976 idem,
747 4915 811 4976 quo
835 4916 933 4978 supra
951 4892 1001 4957 usi
1020 4915 1140 4974 sumus,
1164 4891 1354 4977 Cyprianus,
1380 4893 1435 4976 qui
1455 4893 1492 4956 de
1512 4916 1596 4957 mor·

388 4989 490 5063 talitate
512 5021 537 5063 c.
558 4998 601 5062 25
625 4998 703 5086 (vol.
722 5018 734 5062 1
752 5022 783 5083 p.
803 4999 883 5086 313)
906 5001 951 5063 ita
970 4998 1083 5063 scribit
1100 5001 1130 5064 si
1148 5001 1183 5064 iu
1201 5000 1376 5064 lr-ubr'taculo
1395 5007 1445 5064 turo
1458 5001 1596 5080 parietas

388 5103 510 5170 masau
530 5112 685 5189 numen,
708 5113 785 5171 teuta
809 5108 936 5187 desuper
959 5112 1129 5188 ueremni,
1152 5108 1261 5171 doum
1283 5108 1350 5170 iarn·
1372 5108 1509 5188 fatipala
1527 5108 1595 5169 taur

388 5197 456 5272 lassa
477 5214 632 5297 aedificiis
657 5220 806 5279 senectute
836 5214 1007 5279 labentibus
1038 5215 1167 5278 ruinam
1196 5215 1379 5296 proximum
1412 5215 1595 5277 minaretur.

389 5302 458 5379 flues
482 5318 547 5384 ille:
576 5325 609 5385 et
637 5344 696 5386 nos
724 5343 790 5386 non
814 5320 950 5386 feremus
979 5322 1013 5384 in
1035 5320 1179 5385 Minucio
1211 5324 1275 5387 iam
1304 5323 1505 5402 desponsatas
1527 5320 1593 5383 iarn
