<?xml version="1.0" encoding="UTF-8"?>
<!DOCTYPE html PUBLIC "-//W3C//DTD XHTML 1.0 Transitional//EN"
    "http://www.w3.org/TR/xhtml1/DTD/xhtml1-transitional.dtd">
<html xmlns="http://www.w3.org/1999/xhtml" xml:lang="en" lang="en">
 <head>
  <title>
</title>
<meta http-equiv="Content-Type" content="text/html;charset=utf-8" />
  <meta name='ocr-system' content='tesseract 3.04.00' />
  <meta name='ocr-capabilities' content='ocr_page ocr_carea ocr_par ocr_line ocrx_word'/>
</head>
<body>
  <div class='ocr_page' id='page_1' title='image "./iohannisvahleni01vahlgoog/iohannisvahleni01vahlgoog_0368.png"; bbox 0 0 3925 6675; ppageno 0'>
   <div class='ocr_carea' id='block_1_1' title="bbox 382 1041 1373 1110">
    <p class='ocr_par' dir='ltr' id='par_1_1' title="bbox 382 1041 1373 1110">
     <span class='ocr_line' id='line_1_1' title="bbox 382 1041 1373 1110; baseline -0.008 -12"><span class='ocrx_word' id='word_1_1' title='bbox 382 1043 449 1110; x_wconf 80' lang='grc'>360</span> <span class='ocrx_word' id='word_1_2' title='bbox 614 1047 660 1097; x_wconf 81' lang='lat' dir='ltr'>LI.</span> <span class='ocrx_word' id='word_1_3' title='bbox 679 1045 795 1096; x_wconf 80' lang='lat' dir='ltr'>INDEX</span> <span class='ocrx_word' id='word_1_4' title='bbox 813 1042 1026 1095; x_wconf 77' lang='lat' dir='ltr'><strong>LECTIONUM</strong></span> <span class='ocrx_word' id='word_1_5' title='bbox 1045 1041 1277 1094; x_wconf 78' lang='lat' dir='ltr'>AESTIVARUM</span> <span class='ocrx_word' id='word_1_6' title='bbox 1297 1043 1373 1094; x_wconf 77' lang='lat'>1900.</span> 
     </span>
    </p>
   </div>
   <div class='ocr_carea' id='block_1_2' title="bbox 277 1201 1654 4611">
    <p class='ocr_par' dir='ltr' id='par_1_2' title="bbox 277 1201 1654 4611">
     <span class='ocr_line' id='line_1_2' title="bbox 380 1201 1613 1290; baseline -0.005 -18"><span class='ocrx_word' id='word_1_7' title='bbox 380 1229 476 1272; x_wconf 90' lang='lat' dir='ltr'>nemo</span> <span class='ocrx_word' id='word_1_8' title='bbox 507 1207 725 1273; x_wconf 80' lang='lat' dir='ltr'>desiderasset.</span> <span class='ocrx_word' id='word_1_9' title='bbox 765 1202 849 1270; x_wconf 86' lang='lat' dir='ltr'>Ibid.</span> <span class='ocrx_word' id='word_1_10' title='bbox 876 1201 931 1290; x_wconf 82' lang='grc' dir='ltr'>(ιιι</span> <span class='ocrx_word' id='word_1_11' title='bbox 956 1227 988 1288; x_wconf 92' lang='lat' dir='ltr'>p.</span> <span class='ocrx_word' id='word_1_12' title='bbox 1014 1203 1092 1286; x_wconf 81' lang='lat'>135,</span> <span class='ocrx_word' id='word_1_13' title='bbox 1116 1201 1152 1290; x_wconf 83' lang='lat'>8)</span> <span class='ocrx_word' id='word_1_14' title='bbox 1178 1201 1233 1268; x_wconf 81' lang='grc' dir='ltr'>καὶ</span> <span class='ocrx_word' id='word_1_15' title='bbox 1260 1203 1280 1287; x_wconf 85' lang='grc' dir='ltr'><em>ἡ</em></span> <span class='ocrx_word' id='word_1_16' title='bbox 1309 1203 1371 1286; x_wconf 74' lang='grc' dir='ltr'>μὲν</span> <span class='ocrx_word' id='word_1_17' title='bbox 1398 1201 1613 1288; x_wconf 78' lang='grc' dir='ltr'><em>ἀσχημοσύνη</em></span> 
     </span>
     <span class='ocr_line' id='line_1_3' title="bbox 381 1307 1615 1399; baseline -0.005 -19"><span class='ocrx_word' id='word_1_18' title='bbox 381 1313 435 1380; x_wconf 86' lang='grc' dir='ltr'>καὶ</span> <span class='ocrx_word' id='word_1_19' title='bbox 455 1312 628 1399; x_wconf 87' lang='grc' dir='ltr'><strong><em>ἀρρυθμία</em></strong></span> <span class='ocrx_word' id='word_1_20' title='bbox 645 1310 701 1378; x_wconf 82' lang='grc' dir='ltr'>καὶ</span> <span class='ocrx_word' id='word_1_21' title='bbox 719 1311 925 1396; x_wconf 78' lang='grc' dir='ltr'><strong><em>ἀναρμοστία</em></strong></span> <span class='ocrx_word' id='word_1_22' title='bbox 942 1314 1140 1395; x_wconf 76' lang='grc' dir='ltr'><strong><em>κακολογίας</em></strong></span> <span class='ocrx_word' id='word_1_23' title='bbox 1158 1308 1213 1376; x_wconf 77' lang='grc' dir='ltr'>καὶ</span> <span class='ocrx_word' id='word_1_24' title='bbox 1232 1311 1432 1392; x_wconf 79' lang='grc' dir='ltr'><strong><em>κακοηθείας</em></strong></span> <span class='ocrx_word' id='word_1_25' title='bbox 1446 1307 1615 1392; x_wconf 73' lang='grc' dir='ltr'><strong><em>ἀδελφοί,</em></strong></span> 
     </span>
     <span class='ocr_line' id='line_1_4' title="bbox 380 1415 1615 1502; baseline -0.004 -16"><span class='ocrx_word' id='word_1_26' title='bbox 380 1424 420 1488; x_wconf 84' lang='grc' dir='ltr'>τὰ</span> <span class='ocrx_word' id='word_1_27' title='bbox 452 1419 482 1486; x_wconf 79' lang='grc' dir='ltr'>δ’</span> <span class='ocrx_word' id='word_1_28' title='bbox 520 1421 654 1486; x_wconf 79' lang='grc' dir='ltr'><strong><em>ἐναντία</em></strong></span> <span class='ocrx_word' id='word_1_29' title='bbox 685 1428 746 1486; x_wconf 86' lang='grc' dir='ltr'>τοῦ</span> <span class='ocrx_word' id='word_1_30' title='bbox 779 1418 948 1500; x_wconf 77' lang='grc' dir='ltr'><strong><em>ἐναντίου,</em></strong></span> <span class='ocrx_word' id='word_1_31' title='bbox 981 1418 1157 1502; x_wconf 80' lang='grc' dir='ltr'><strong><em>σώφρονός</em></strong></span> <span class='ocrx_word' id='word_1_32' title='bbox 1188 1440 1223 1482; x_wconf 86' lang='grc' dir='ltr'>τε</span> <span class='ocrx_word' id='word_1_33' title='bbox 1251 1415 1305 1482; x_wconf 85' lang='grc' dir='ltr'>καὶ</span> <span class='ocrx_word' id='word_1_34' title='bbox 1333 1416 1467 1499; x_wconf 83' lang='grc' dir='ltr'><strong><em>ἀγαθοῦ</em></strong></span> <span class='ocrx_word' id='word_1_35' title='bbox 1495 1417 1615 1499; x_wconf 78' lang='grc' dir='ltr'><strong><em>ἤθους,</em></strong></span> 
     </span>
     <span class='ocr_line' id='line_1_5' title="bbox 382 1522 1615 1613; baseline -0.005 -19"><span class='ocrx_word' id='word_1_36' title='bbox 382 1529 532 1613; x_wconf 78' lang='grc' dir='ltr'><strong><em>ἀδελφά</em></strong></span> <span class='ocrx_word' id='word_1_37' title='bbox 560 1551 599 1594; x_wconf 85' lang='grc' dir='ltr'>τε</span> <span class='ocrx_word' id='word_1_38' title='bbox 626 1526 689 1593; x_wconf 80' lang='grc' dir='ltr'>καί</span> <span class='ocrx_word' id='word_1_39' title='bbox 717 1529 924 1612; x_wconf 79' lang='grc' dir='ltr'><strong><em>μιμήματα</em></strong></span> <span class='ocrx_word' id='word_1_40' title='bbox 960 1523 1120 1590; x_wconf 83' lang='lat' dir='ltr'>Addimus</span> <span class='ocrx_word' id='word_1_41' title='bbox 1149 1524 1188 1590; x_wconf 88' lang='lat' dir='ltr'>de</span> <span class='ocrx_word' id='word_1_42' title='bbox 1215 1522 1403 1610; x_wconf 71' lang='lat' dir='ltr'>Protagora,</span> <span class='ocrx_word' id='word_1_43' title='bbox 1432 1524 1488 1606; x_wconf 91' lang='lat' dir='ltr'>qui</span> <span class='ocrx_word' id='word_1_44' title='bbox 1511 1523 1615 1588; x_wconf 79' lang='lat' dir='ltr'>multe</span> 
     </span>
     <span class='ocr_line' id='line_1_6' title="bbox 380 1626 1616 1719; baseline -0.005 -19"><span class='ocrx_word' id='word_1_45' title='bbox 380 1635 480 1702; x_wconf 82' lang='lat' dir='ltr'>hebet</span> <span class='ocrx_word' id='word_1_46' title='bbox 496 1635 625 1719; x_wconf 75' lang='lat' dir='ltr'>similis,</span> <span class='ocrx_word' id='word_1_47' title='bbox 643 1635 722 1701; x_wconf 77' lang='lat' dir='ltr'>haec</span> <span class='ocrx_word' id='word_1_48' title='bbox 740 1635 854 1699; x_wconf 78' lang='lat' dir='ltr'>saltem</span> <span class='ocrx_word' id='word_1_49' title='bbox 868 1654 950 1717; x_wconf 81' lang='lat' dir='ltr'>quse</span> <span class='ocrx_word' id='word_1_50' title='bbox 964 1655 995 1718; x_wconf 89' lang='lat' dir='ltr'>p.</span> <span class='ocrx_word' id='word_1_51' title='bbox 1010 1631 1063 1716; x_wconf 76' lang='lat'>92,</span> <span class='ocrx_word' id='word_1_52' title='bbox 1077 1631 1098 1696; x_wconf 82' lang='lat'>5</span> <span class='ocrx_word' id='word_1_53' title='bbox 1116 1631 1270 1718; x_wconf 78' lang='lat' dir='ltr'>leguntur</span> <span class='ocrx_word' id='word_1_54' title='bbox 1288 1631 1398 1713; x_wconf 81' lang='grc' dir='ltr'><strong><em>ὥσπερ</em></strong></span> <span class='ocrx_word' id='word_1_55' title='bbox 1417 1626 1481 1696; x_wconf 86' lang='grc' dir='ltr'>οὖν</span> <span class='ocrx_word' id='word_1_56' title='bbox 1499 1629 1539 1696; x_wconf 89' lang='grc' dir='ltr'>οὐ</span> <span class='ocrx_word' id='word_1_57' title='bbox 1553 1631 1616 1696; x_wconf 89' lang='grc' dir='ltr'>τὸν</span> 
     </span>
     <span class='ocr_line' id='line_1_7' title="bbox 381 1733 1614 1828; baseline -0.007 -19"><span class='ocrx_word' id='word_1_58' title='bbox 381 1745 534 1828; x_wconf 88' lang='grc' dir='ltr'><strong><em>κείμενόν</em></strong></span> <span class='ocrx_word' id='word_1_59' title='bbox 561 1767 621 1820; x_wconf 82' lang='grc' dir='ltr'>τις</span> <span class='ocrx_word' id='word_1_60' title='bbox 648 1739 695 1807; x_wconf 83' lang='grc' dir='ltr'>ἂν</span> <span class='ocrx_word' id='word_1_61' title='bbox 718 1741 948 1823; x_wconf 76' lang='grc' dir='ltr'><strong><em>καταβάλοι,</em></strong></span> <span class='ocrx_word' id='word_1_62' title='bbox 977 1738 1060 1805; x_wconf 79' lang='grc' dir='ltr'><strong><em>ἀλλὰ</em></strong></span> <span class='ocrx_word' id='word_1_63' title='bbox 1083 1740 1144 1806; x_wconf 88' lang='grc' dir='ltr'>τὸν</span> <span class='ocrx_word' id='word_1_64' title='bbox 1165 1733 1227 1822; x_wconf 70' lang='grc' dir='ltr'>μὲν</span> <span class='ocrx_word' id='word_1_65' title='bbox 1251 1737 1375 1804; x_wconf 76' lang='grc' dir='ltr'><strong><em>ἕστῶτά</em></strong></span> <span class='ocrx_word' id='word_1_66' title='bbox 1398 1759 1476 1804; x_wconf 80' lang='grc' dir='ltr'><strong><em>κοτε</em></strong></span> <span class='ocrx_word' id='word_1_67' title='bbox 1500 1761 1614 1802; x_wconf 86' lang='grc' dir='ltr'><strong><em>κατα-</em></strong></span> 
     </span>
     <span class='ocr_line' id='line_1_8' title="bbox 381 1843 1555 1934; baseline -0.006 -18"><span class='ocrx_word' id='word_1_68' title='bbox 381 1851 497 1934; x_wconf 77' lang='grc' dir='ltr'><strong><em>βάίοι</em></strong></span> <span class='ocrx_word' id='word_1_69' title='bbox 516 1851 563 1916; x_wconf 80' lang='grc' dir='ltr'>ἄν</span> <span class='ocrx_word' id='word_1_70' title='bbox 581 1873 655 1932; x_wconf 85' lang='grc' dir='ltr'><strong><em>τις,</em></strong></span> <span class='ocrx_word' id='word_1_71' title='bbox 673 1848 757 1915; x_wconf 76' lang='grc' dir='ltr'><strong><em>ὥστε</em></strong></span> <span class='ocrx_word' id='word_1_72' title='bbox 772 1849 927 1932; x_wconf 80' lang='grc' dir='ltr'><strong><em>κείμενον</em></strong></span> <span class='ocrx_word' id='word_1_73' title='bbox 944 1855 1092 1930; x_wconf 75' lang='grc' dir='ltr'><strong><em>ποιῆσαι,</em></strong></span> <span class='ocrx_word' id='word_1_74' title='bbox 1110 1847 1169 1912; x_wconf 89' lang='grc' dir='ltr'>τὸν</span> <span class='ocrx_word' id='word_1_75' title='bbox 1183 1846 1220 1915; x_wconf 77' lang='lat' dir='ltr'>dt</span> <span class='ocrx_word' id='word_1_76' title='bbox 1234 1846 1387 1927; x_wconf 87' lang='grc' dir='ltr'><strong><em>κείμενον</em></strong></span> <span class='ocrx_word' id='word_1_77' title='bbox 1401 1845 1454 1928; x_wconf 79' lang='grc' dir='ltr'>οὔ,</span> <span class='ocrx_word' id='word_1_78' title='bbox 1468 1843 1555 1910; x_wconf 81' lang='grc' dir='ltr'><strong><em>οὕτω</em></strong></span> 
     </span>
     <span class='ocr_line' id='line_1_9' title="bbox 277 1949 1616 2044; baseline -0.003 -22"><span class='ocrx_word' id='word_1_79' title='bbox 277 2037 282 2044; x_wconf 31' lang='lat'>¹</span> <span class='ocrx_word' id='word_1_80' title='bbox 381 1958 441 2022; x_wconf 88' lang='grc' dir='ltr'>τὸν</span> <span class='ocrx_word' id='word_1_81' title='bbox 459 1960 666 2041; x_wconf 81' lang='grc' dir='ltr'><strong><em>κυβερνήτην</em></strong></span> <span class='ocrx_word' id='word_1_82' title='bbox 684 1953 785 2039; x_wconf 79' lang='grc' dir='ltr'><strong><em>μέγας</em></strong></span> <span class='ocrx_word' id='word_1_83' title='bbox 799 1954 922 2039; x_wconf 78' lang='grc' dir='ltr'><strong><em>χειμὼν</em></strong></span> <span class='ocrx_word' id='word_1_84' title='bbox 936 1951 1102 2019; x_wconf 76' lang='grc' dir='ltr'><strong><em>ἐπιπεσὼν</em></strong></span> <span class='ocrx_word' id='word_1_85' title='bbox 1116 1952 1318 2037; x_wconf 77' lang='grc' dir='ltr'><strong><em>ἀμήχανον</em></strong></span> <span class='ocrx_word' id='word_1_86' title='bbox 1333 1949 1380 2016; x_wconf 86' lang='grc' dir='ltr'>ἀν</span> <span class='ocrx_word' id='word_1_87' title='bbox 1393 1953 1616 2036; x_wconf 78' lang='grc' dir='ltr'><strong><em>ποιήσειεν,</em></strong></span> 
     </span>
     <span class='ocr_line' id='line_1_10' title="bbox 381 2058 1480 2147; baseline -0.007 -16"><span class='ocrx_word' id='word_1_88' title='bbox 381 2062 436 2131; x_wconf 77' lang='grc' dir='ltr'>καί</span> <span class='ocrx_word' id='word_1_89' title='bbox 460 2065 610 2147; x_wconf 81' lang='grc' dir='ltr'><strong><em>γεωργὸν</em></strong></span> <span class='ocrx_word' id='word_1_90' title='bbox 632 2063 756 2147; x_wconf 72' lang='grc' dir='ltr'><strong><em>χαλεπὴ</em></strong></span> <span class='ocrx_word' id='word_1_91' title='bbox 779 2062 848 2143; x_wconf 79' lang='grc' dir='ltr'>ἀρα</span> <span class='ocrx_word' id='word_1_92' title='bbox 871 2060 1062 2128; x_wconf 74' lang='grc' dir='ltr'><strong><em>ἐπελθοῦσα</em></strong></span> <span class='ocrx_word' id='word_1_93' title='bbox 1085 2059 1287 2145; x_wconf 79' lang='grc' dir='ltr'><strong><em>ἀμήχανον</em></strong></span> <span class='ocrx_word' id='word_1_94' title='bbox 1310 2058 1357 2124; x_wconf 86' lang='grc' dir='ltr'>ἀν</span> <span class='ocrx_word' id='word_1_95' title='bbox 1380 2061 1480 2142; x_wconf 81' lang='grc' dir='ltr'><strong><em>θείη.</em></strong></span> 
     </span>
     <span class='ocr_line' id='line_1_11' title="bbox 342 2165 1617 2254; baseline -0.008 -14"><span class='ocrx_word' id='word_1_96' title='bbox 342 2199 368 2244; x_wconf 81' lang='grc' dir='ltr'>ιο</span> <span class='ocrx_word' id='word_1_97' title='bbox 472 2169 595 2248; x_wconf 83' lang='lat' dir='ltr'>Quibus</span> <span class='ocrx_word' id='word_1_98' title='bbox 628 2168 783 2254; x_wconf 81' lang='lat' dir='ltr'>exemplis</span> <span class='ocrx_word' id='word_1_99' title='bbox 815 2169 878 2234; x_wconf 92' lang='lat' dir='ltr'>boo</span> <span class='ocrx_word' id='word_1_100' title='bbox 904 2169 1043 2232; x_wconf 73' lang='lat' dir='ltr'>fortusse</span> <span class='ocrx_word' id='word_1_101' title='bbox 1069 2168 1205 2232; x_wconf 82' lang='lat' dir='ltr'>vicimus</span> <span class='ocrx_word' id='word_1_102' title='bbox 1233 2170 1270 2230; x_wconf 90' lang='lat' dir='ltr'>nt</span> <span class='ocrx_word' id='word_1_103' title='bbox 1297 2167 1354 2231; x_wconf 82' lang='lat' dir='ltr'>illu</span> <span class='ocrx_word' id='word_1_104' title='bbox 1380 2165 1444 2230; x_wconf 82' lang='lat' dir='ltr'>trie</span> <span class='ocrx_word' id='word_1_105' title='bbox 1471 2183 1568 2250; x_wconf 79' lang='lat' dir='ltr'>supro</span> <span class='ocrx_word' id='word_1_106' title='bbox 1594 2187 1617 2230; x_wconf 77' lang='grc' dir='ltr'><strong><em>υ</em></strong></span> 
     </span>
     <span class='ocr_line' id='line_1_12' title="bbox 380 2271 1615 2362; baseline -0.005 -18"><span class='ocrx_word' id='word_1_107' title='bbox 380 2277 477 2347; x_wconf 88' lang='lat' dir='ltr'>nobis</span> <span class='ocrx_word' id='word_1_108' title='bbox 504 2277 671 2362; x_wconf 84' lang='lat' dir='ltr'>proposito</span> <span class='ocrx_word' id='word_1_109' title='bbox 697 2280 816 2342; x_wconf 87' lang='lat' dir='ltr'>temere</span> <span class='ocrx_word' id='word_1_110' title='bbox 840 2274 879 2340; x_wconf 92' lang='lat' dir='ltr'>de</span> <span class='ocrx_word' id='word_1_111' title='bbox 901 2275 1084 2359; x_wconf 76' lang='lat' dir='ltr'>corruptele</span> <span class='ocrx_word' id='word_1_112' title='bbox 1106 2275 1198 2360; x_wconf 81' lang='lat' dir='ltr'>argui</span> <span class='ocrx_word' id='word_1_113' title='bbox 1222 2272 1430 2357; x_wconf 82' lang='lat' dir='ltr'>intelligetur.</span> <span class='ocrx_word' id='word_1_114' title='bbox 1469 2271 1530 2337; x_wconf 85' lang='lat' dir='ltr'>Sed</span> <span class='ocrx_word' id='word_1_115' title='bbox 1554 2294 1615 2338; x_wconf 91' lang='lat' dir='ltr'>nos</span> 
     </span>
     <span class='ocr_line' id='line_1_13' title="bbox 380 2379 1615 2468; baseline -0.003 -20"><span class='ocrx_word' id='word_1_116' title='bbox 380 2383 465 2452; x_wconf 88' lang='lat' dir='ltr'>nihil</span> <span class='ocrx_word' id='word_1_117' title='bbox 483 2385 648 2468; x_wconf 80' lang='lat' dir='ltr'>antiquius</span> <span class='ocrx_word' id='word_1_118' title='bbox 666 2383 862 2450; x_wconf 76' lang='lat' dir='ltr'>habebamus</span> <span class='ocrx_word' id='word_1_119' title='bbox 881 2404 977 2466; x_wconf 83' lang='lat' dir='ltr'>quom</span> <span class='ocrx_word' id='word_1_120' title='bbox 997 2385 1035 2446; x_wconf 89' lang='lat' dir='ltr'>ut</span> <span class='ocrx_word' id='word_1_121' title='bbox 1053 2381 1150 2446; x_wconf 85' lang='lat' dir='ltr'>verbe</span> <span class='ocrx_word' id='word_1_122' title='bbox 1163 2379 1342 2468; x_wconf 81' lang='lat' dir='ltr'>Apologiee</span> <span class='ocrx_word' id='word_1_123' title='bbox 1357 2379 1498 2448; x_wconf 78' lang='lat' dir='ltr'>Socratis</span> <span class='ocrx_word' id='word_1_124' title='bbox 1516 2379 1615 2446; x_wconf 83' lang='lat' dir='ltr'>simili</span> 
     </span>
     <span class='ocr_line' id='line_1_14' title="bbox 382 2488 1616 2572; baseline -0.002 -16"><span class='ocrx_word' id='word_1_125' title='bbox 382 2491 558 2556; x_wconf 83' lang='lat' dir='ltr'>offensione</span> <span class='ocrx_word' id='word_1_126' title='bbox 581 2495 697 2560; x_wconf 84' lang='lat' dir='ltr'>vexete</span> <span class='ocrx_word' id='word_1_127' title='bbox 718 2489 759 2555; x_wconf 83' lang='lat' dir='ltr'>eb</span> <span class='ocrx_word' id='word_1_128' title='bbox 783 2490 909 2554; x_wconf 89' lang='lat' dir='ltr'>iniuriis</span> <span class='ocrx_word' id='word_1_129' title='bbox 934 2488 1121 2554; x_wconf 76' lang='lat' dir='ltr'>criticorum</span> <span class='ocrx_word' id='word_1_130' title='bbox 1145 2488 1171 2554; x_wconf 89' lang='lat' dir='ltr'>si</span> <span class='ocrx_word' id='word_1_131' title='bbox 1195 2488 1264 2552; x_wconf 85' lang='lat' dir='ltr'>fieri</span> <span class='ocrx_word' id='word_1_132' title='bbox 1283 2491 1393 2572; x_wconf 87' lang='lat' dir='ltr'>posset</span> <span class='ocrx_word' id='word_1_133' title='bbox 1411 2488 1616 2556; x_wconf 77' lang='lat' dir='ltr'>defensitare·</span> 
     </span>
     <span class='ocr_line' id='line_1_15' title="bbox 381 2593 1061 2683; baseline -0.007 -19"><span class='ocrx_word' id='word_1_134' title='bbox 381 2620 462 2664; x_wconf 90' lang='lat' dir='ltr'>mus.</span> <span class='ocrx_word' id='word_1_135' title='bbox 500 2597 587 2664; x_wconf 76' lang='lat' dir='ltr'>Haec</span> <span class='ocrx_word' id='word_1_136' title='bbox 611 2598 690 2662; x_wconf 89' lang='lat' dir='ltr'>dicit</span> <span class='ocrx_word' id='word_1_137' title='bbox 713 2595 860 2662; x_wconf 73' lang='lat' dir='ltr'>Socrates</span> <span class='ocrx_word' id='word_1_138' title='bbox 885 2595 1006 2683; x_wconf 72' lang='lat' dir='ltr'>(pes,</span> <span class='ocrx_word' id='word_1_139' title='bbox 1027 2593 1061 2682; x_wconf 88' lang='lat'>1)</span> 
     </span>
     <span class='ocr_line' id='line_1_16' title="bbox 517 2697 1616 2789; baseline -0.002 -19"><span class='ocrx_word' id='word_1_140' title='bbox 517 2709 735 2789; x_wconf 80' lang='grc' dir='ltr'><strong><em>Χαιρεφῶντα</em></strong></span> <span class='ocrx_word' id='word_1_141' title='bbox 764 2706 826 2789; x_wconf 81' lang='grc' dir='ltr'>γὰρ</span> <span class='ocrx_word' id='word_1_142' title='bbox 856 2709 924 2768; x_wconf 80' lang='grc' dir='ltr'><strong><em>ἴστε</em></strong></span> <span class='ocrx_word' id='word_1_143' title='bbox 951 2726 1028 2770; x_wconf 77' lang='grc' dir='ltr'><strong><em>κου.</em></strong></span> <span class='ocrx_word' id='word_1_144' title='bbox 1060 2697 1158 2780; x_wconf 83' lang='grc' dir='ltr'><strong><em>οὗτος</em></strong></span> <span class='ocrx_word' id='word_1_145' title='bbox 1186 2702 1263 2785; x_wconf 82' lang='grc' dir='ltr'><strong><em>ἐμός</em></strong></span> <span class='ocrx_word' id='word_1_146' title='bbox 1290 2725 1324 2768; x_wconf 86' lang='grc' dir='ltr'>τε</span> <span class='ocrx_word' id='word_1_147' title='bbox 1353 2699 1481 2786; x_wconf 85' lang='grc' dir='ltr'><strong><em>ἑταῖρος</em></strong></span> <span class='ocrx_word' id='word_1_148' title='bbox 1509 2697 1552 2786; x_wconf 81' lang='grc' dir='ltr'>ἦν</span> <span class='ocrx_word' id='word_1_149' title='bbox 1579 2701 1616 2770; x_wconf 79' lang='grc' dir='ltr'>ἐκ</span> 
     </span>
     <span class='ocr_line' id='line_1_17' title="bbox 517 2806 1618 2897; baseline -0.001 -20"><span class='ocrx_word' id='word_1_150' title='bbox 517 2811 597 2877; x_wconf 81' lang='grc' dir='ltr'><strong><em>νέου</em></strong></span> <span class='ocrx_word' id='word_1_151' title='bbox 628 2809 683 2878; x_wconf 75' lang='grc' dir='ltr'>καὶ</span> <span class='ocrx_word' id='word_1_152' title='bbox 715 2811 811 2897; x_wconf 85' lang='grc' dir='ltr'><strong><em>ὑμῶν</em></strong></span> <span class='ocrx_word' id='word_1_153' title='bbox 841 2818 885 2897; x_wconf 79' lang='grc' dir='ltr'>τῷ</span> <span class='ocrx_word' id='word_1_154' title='bbox 908 2812 1031 2893; x_wconf 78' lang='grc' dir='ltr'><strong><em>πλήθει</em></strong></span> <span class='ocrx_word' id='word_1_155' title='bbox 1060 2806 1189 2894; x_wconf 78' lang='grc' dir='ltr'><strong><em>ἑταῖρός</em></strong></span> <span class='ocrx_word' id='word_1_156' title='bbox 1216 2833 1251 2876; x_wconf 84' lang='grc' dir='ltr'>τε</span> <span class='ocrx_word' id='word_1_157' title='bbox 1278 2808 1333 2875; x_wconf 81' lang='grc' dir='ltr'>καὶ</span> <span class='ocrx_word' id='word_1_158' title='bbox 1362 2807 1528 2894; x_wconf 78' lang='grc' dir='ltr'><strong><em>ξυνέφυγε</em></strong></span> <span class='ocrx_word' id='word_1_159' title='bbox 1555 2811 1618 2894; x_wconf 78' lang='grc' dir='ltr'>τὴν</span> 
     </span>
     <span class='ocr_line' id='line_1_18' title="bbox 517 2915 1254 3004; baseline -0.004 -20"><span class='ocrx_word' id='word_1_160' title='bbox 517 2920 631 3004; x_wconf 77' lang='grc' dir='ltr'><strong><em>φυγὴν</em></strong></span> <span class='ocrx_word' id='word_1_161' title='bbox 654 2919 778 3001; x_wconf 83' lang='grc' dir='ltr'><strong><em>ταύτην</em></strong></span> <span class='ocrx_word' id='word_1_162' title='bbox 800 2915 854 2984; x_wconf 78' lang='grc' dir='ltr'>καὶ</span> <span class='ocrx_word' id='word_1_163' title='bbox 877 2915 961 3000; x_wconf 87' lang='grc' dir='ltr'><strong><em>μεθ’</em></strong></span> <span class='ocrx_word' id='word_1_164' title='bbox 981 2916 1077 2999; x_wconf 80' lang='grc' dir='ltr'><strong><em>ὑμῶν</em></strong></span> <span class='ocrx_word' id='word_1_165' title='bbox 1099 2922 1254 3000; x_wconf 79' lang='grc' dir='ltr'><strong><em>κατῆλθε.</em></strong></span> 
     </span>
     <span class='ocr_line' id='line_1_19' title="bbox 383 3023 1617 3110; baseline 0 -18"><span class='ocrx_word' id='word_1_166' title='bbox 383 3025 471 3104; x_wconf 70' lang='lat' dir='ltr'>Quae</span> <span class='ocrx_word' id='word_1_167' title='bbox 493 3025 591 3092; x_wconf 83' lang='lat' dir='ltr'>verbo</span> <span class='ocrx_word' id='word_1_168' title='bbox 610 3024 643 3091; x_wconf 82' lang='grc' dir='ltr'>Ο.</span> <span class='ocrx_word' id='word_1_169' title='bbox 663 3023 699 3090; x_wconf 82' lang='lat' dir='ltr'>G.</span> <span class='ocrx_word' id='word_1_170' title='bbox 719 3023 860 3090; x_wconf 89' lang='lat' dir='ltr'>Cobetus</span> <span class='ocrx_word' id='word_1_171' title='bbox 883 3023 1016 3108; x_wconf 81' lang='lat' dir='ltr'>primur,</span> <span class='ocrx_word' id='word_1_172' title='bbox 1039 3025 1188 3090; x_wconf 83' lang='lat' dir='ltr'>molestis</span> <span class='ocrx_word' id='word_1_173' title='bbox 1211 3027 1248 3090; x_wconf 92' lang='lat' dir='ltr'>ut</span> <span class='ocrx_word' id='word_1_174' title='bbox 1266 3023 1393 3090; x_wconf 84' lang='lat' dir='ltr'>videtur</span> <span class='ocrx_word' id='word_1_175' title='bbox 1410 3025 1541 3110; x_wconf 85' lang='lat' dir='ltr'>repetiti</span> <span class='ocrx_word' id='word_1_176' title='bbox 1559 3049 1617 3092; x_wconf 91' lang='lat' dir='ltr'>uo·</span> 
     </span>
     <span class='ocr_line' id='line_1_20' title="bbox 382 3130 1616 3217; baseline -0.001 -18"><span class='ocrx_word' id='word_1_177' title='bbox 382 3133 479 3199; x_wconf 89' lang='lat' dir='ltr'>minis</span> <span class='ocrx_word' id='word_1_178' title='bbox 498 3133 624 3217; x_wconf 84' lang='lat' dir='ltr'>ductus,</span> <span class='ocrx_word' id='word_1_179' title='bbox 641 3130 858 3216; x_wconf 79' lang='lat' dir='ltr'>reprehendit3</span> <span class='ocrx_word' id='word_1_180' title='bbox 877 3131 987 3214; x_wconf 91' lang='lat' dir='ltr'>quiin</span> <span class='ocrx_word' id='word_1_181' title='bbox 1006 3131 1071 3196; x_wconf 87' lang='lat' dir='ltr'>illie</span> <span class='ocrx_word' id='word_1_182' title='bbox 1090 3131 1263 3216; x_wconf 75' lang='lat' dir='ltr'>praeclaris</span> <span class='ocrx_word' id='word_1_183' title='bbox 1282 3130 1390 3197; x_wconf 82' lang='lat' dir='ltr'>Variis</span> <span class='ocrx_word' id='word_1_184' title='bbox 1407 3131 1616 3198; x_wconf 72' lang='lat' dir='ltr'>Lectionibus</span> 
     </span>
     <span class='ocr_line' id='line_1_21' title="bbox 342 3236 1617 3327; baseline -0.001 -21"><span class='ocrx_word' id='word_1_185' title='bbox 342 3269 370 3315; x_wconf 67' lang='lat' dir='ltr'>cc</span> <span class='ocrx_word' id='word_1_186' title='bbox 383 3238 425 3327; x_wconf 79' lang='lat' dir='ltr'>(e</span> <span class='ocrx_word' id='word_1_187' title='bbox 452 3240 538 3306; x_wconf 79' lang='lat'>1854</span> <span class='ocrx_word' id='word_1_188' title='bbox 556 3237 702 3325; x_wconf 67' lang='lat' dir='ltr'>pnes),</span> <span class='ocrx_word' id='word_1_189' title='bbox 729 3259 802 3304; x_wconf 84' lang='lat' dir='ltr'>cum</span> <span class='ocrx_word' id='word_1_190' title='bbox 829 3237 932 3302; x_wconf 84' lang='lat' dir='ltr'>multe</span> <span class='ocrx_word' id='word_1_191' title='bbox 958 3259 998 3302; x_wconf 86' lang='lat' dir='ltr'>ex</span> <span class='ocrx_word' id='word_1_192' title='bbox 1025 3236 1187 3323; x_wconf 80' lang='lat' dir='ltr'>Apologia</span> <span class='ocrx_word' id='word_1_193' title='bbox 1214 3238 1407 3304; x_wconf 78' lang='lat' dir='ltr'>emblemate</span> <span class='ocrx_word' id='word_1_194' title='bbox 1433 3239 1617 3324; x_wconf 86' lang='lat' dir='ltr'>expelleret,</span> 
     </span>
     <span class='ocr_line' id='line_1_22' title="bbox 383 3341 1616 3432; baseline -0.003 -17"><span class='ocrx_word' id='word_1_195' title='bbox 383 3350 462 3415; x_wconf 83' lang='lat' dir='ltr'>hoec</span> <span class='ocrx_word' id='word_1_196' title='bbox 486 3348 619 3416; x_wconf 84' lang='lat' dir='ltr'>seclusis</span> <span class='ocrx_word' id='word_1_197' title='bbox 643 3347 761 3431; x_wconf 86' lang='lat' dir='ltr'>spuriis</span> <span class='ocrx_word' id='word_1_198' title='bbox 784 3346 830 3413; x_wconf 87' lang='lat' dir='ltr'>ite</span> <span class='ocrx_word' id='word_1_199' title='bbox 852 3346 978 3411; x_wconf 84' lang='lat' dir='ltr'>noterit</span> <span class='ocrx_word' id='word_1_200' title='bbox 1002 3344 1143 3411; x_wconf 84' lang='lat' dir='ltr'>breviter</span> <span class='ocrx_word' id='word_1_201' title='bbox 1161 3341 1259 3423; x_wconf 85' lang='grc' dir='ltr'><strong><em>οὗτος</em></strong></span> <span class='ocrx_word' id='word_1_202' title='bbox 1278 3344 1355 3429; x_wconf 82' lang='grc' dir='ltr'><strong><em>ἐμός</em></strong></span> <span class='ocrx_word' id='word_1_203' title='bbox 1372 3356 1407 3415; x_wconf 81' lang='grc' dir='ltr'>’τε</span> <span class='ocrx_word' id='word_1_204' title='bbox 1426 3347 1555 3432; x_wconf 79' lang='grc' dir='ltr'><strong><em>ἑταῖρος</em></strong></span> <span class='ocrx_word' id='word_1_205' title='bbox 1574 3343 1616 3430; x_wconf 76' lang='grc' dir='ltr'>ἦν</span> 
     </span>
     <span class='ocr_line' id='line_1_23' title="bbox 383 3450 1616 3541; baseline -0.002 -19"><span class='ocrx_word' id='word_1_206' title='bbox 383 3456 438 3522; x_wconf 77' lang='grc' dir='ltr'>καί</span> <span class='ocrx_word' id='word_1_207' title='bbox 462 3456 558 3539; x_wconf 82' lang='grc' dir='ltr'><strong><em>ὑμῶν</em></strong></span> <span class='ocrx_word' id='word_1_208' title='bbox 580 3463 625 3541; x_wconf 79' lang='grc' dir='ltr'>τῷ</span> <span class='ocrx_word' id='word_1_209' title='bbox 640 3455 763 3535; x_wconf 72' lang='grc' dir='ltr'><strong><em>πλήθει</em></strong></span> <span class='ocrx_word' id='word_1_210' title='bbox 783 3450 926 3537; x_wconf 77' lang='grc' dir='ltr'><strong><em>[ἑταῖρός</em></strong></span> <span class='ocrx_word' id='word_1_211' title='bbox 943 3452 993 3537; x_wconf 86' lang='grc' dir='ltr'>τε]</span> <span class='ocrx_word' id='word_1_212' title='bbox 1013 3450 1067 3519; x_wconf 78' lang='grc' dir='ltr'>καὶ</span> <span class='ocrx_word' id='word_1_213' title='bbox 1087 3451 1252 3536; x_wconf 81' lang='grc' dir='ltr'><strong><em>ξυνέφυγε</em></strong></span> <span class='ocrx_word' id='word_1_214' title='bbox 1268 3455 1332 3538; x_wconf 84' lang='grc' dir='ltr'><strong><em>’τὴν</em></strong></span> <span class='ocrx_word' id='word_1_215' title='bbox 1351 3456 1464 3538; x_wconf 76' lang='grc' dir='ltr'><strong><em>φυγὴν</em></strong></span> <span class='ocrx_word' id='word_1_216' title='bbox 1482 3454 1616 3539; x_wconf 81' lang='grc' dir='ltr'><strong><em>ταύτην.</em></strong></span> 
     </span>
     <span class='ocr_line' id='line_1_24' title="bbox 385 3558 1616 3645; baseline 0.002 -20"><span class='ocrx_word' id='word_1_217' title='bbox 385 3561 456 3639; x_wconf 86' lang='lat' dir='ltr'>Qno</span> <span class='ocrx_word' id='word_1_218' title='bbox 484 3566 605 3626; x_wconf 86' lang='lat' dir='ltr'>resecto</span> <span class='ocrx_word' id='word_1_219' title='bbox 633 3559 764 3625; x_wconf 90' lang='lat' dir='ltr'>nomine</span> <span class='ocrx_word' id='word_1_220' title='bbox 787 3560 945 3623; x_wconf 82' lang='lat' dir='ltr'>sententie</span> <span class='ocrx_word' id='word_1_221' title='bbox 967 3582 1033 3625; x_wconf 89' lang='lat' dir='ltr'>non</span> <span class='ocrx_word' id='word_1_222' title='bbox 1056 3563 1213 3645; x_wconf 84' lang='lat' dir='ltr'>mutetur;</span> <span class='ocrx_word' id='word_1_223' title='bbox 1240 3582 1314 3629; x_wconf 82' lang='lat' dir='ltr'>nem</span> <span class='ocrx_word' id='word_1_224' title='bbox 1338 3558 1467 3641; x_wconf 76' lang='grc' dir='ltr'><strong><em>ἑταῖρος</em></strong></span> <span class='ocrx_word' id='word_1_225' title='bbox 1490 3564 1518 3625; x_wconf 92' lang='lat' dir='ltr'>si</span> <span class='ocrx_word' id='word_1_226' title='bbox 1540 3562 1616 3628; x_wconf 80' lang='lat' dir='ltr'>scri-</span> 
     </span>
     <span class='ocr_line' id='line_1_25' title="bbox 383 3666 1617 3753; baseline 0.001 -20"><span class='ocrx_word' id='word_1_227' title='bbox 383 3671 478 3753; x_wconf 89' lang='lat' dir='ltr'>ptum</span> <span class='ocrx_word' id='word_1_228' title='bbox 505 3688 571 3733; x_wconf 91' lang='lat' dir='ltr'>non</span> <span class='ocrx_word' id='word_1_229' title='bbox 599 3670 648 3731; x_wconf 90' lang='lat' dir='ltr'>est</span> <span class='ocrx_word' id='word_1_230' title='bbox 675 3667 708 3729; x_wconf 90' lang='lat' dir='ltr'>in</span> <span class='ocrx_word' id='word_1_231' title='bbox 736 3666 835 3731; x_wconf 84' lang='lat' dir='ltr'>ultera</span> <span class='ocrx_word' id='word_1_232' title='bbox 862 3669 968 3750; x_wconf 85' lang='lat' dir='ltr'>perte,</span> <span class='ocrx_word' id='word_1_233' title='bbox 999 3670 1103 3731; x_wconf 80' lang='lat' dir='ltr'>temen</span> <span class='ocrx_word' id='word_1_234' title='bbox 1133 3688 1261 3733; x_wconf 85' lang='lat' dir='ltr'>necesse</span> <span class='ocrx_word' id='word_1_235' title='bbox 1289 3672 1338 3733; x_wconf 88' lang='lat' dir='ltr'>est</span> <span class='ocrx_word' id='word_1_236' title='bbox 1365 3667 1525 3753; x_wconf 77' lang='lat' dir='ltr'>audiatur,</span> <span class='ocrx_word' id='word_1_237' title='bbox 1557 3690 1617 3734; x_wconf 88' lang='lat' dir='ltr'>neo</span> 
     </span>
     <span class='ocr_line' id='line_1_26' title="bbox 383 3772 1615 3860; baseline 0 -19"><span class='ocrx_word' id='word_1_238' title='bbox 383 3776 491 3841; x_wconf 88' lang='lat' dir='ltr'>minus</span> <span class='ocrx_word' id='word_1_239' title='bbox 518 3778 592 3859; x_wconf 81' lang='lat' dir='ltr'>epte</span> <span class='ocrx_word' id='word_1_240' title='bbox 619 3794 706 3839; x_wconf 90' lang='lat' dir='ltr'>nuno</span> <span class='ocrx_word' id='word_1_241' title='bbox 733 3794 828 3857; x_wconf 84' lang='lat' dir='ltr'>quom</span> <span class='ocrx_word' id='word_1_242' title='bbox 857 3776 931 3838; x_wconf 82' lang='lat' dir='ltr'>ante</span> <span class='ocrx_word' id='word_1_243' title='bbox 957 3772 1036 3838; x_wconf 87' lang='lat' dir='ltr'>boec</span> <span class='ocrx_word' id='word_1_244' title='bbox 1060 3773 1122 3839; x_wconf 81' lang='lat' dir='ltr'>tris</span> <span class='ocrx_word' id='word_1_245' title='bbox 1144 3774 1179 3838; x_wconf 93' lang='lat' dir='ltr'>in</span> <span class='ocrx_word' id='word_1_246' title='bbox 1202 3796 1301 3841; x_wconf 90' lang='lat' dir='ltr'>unum</span> <span class='ocrx_word' id='word_1_247' title='bbox 1324 3780 1454 3859; x_wconf 86' lang='lat' dir='ltr'>coeunt,</span> <span class='ocrx_word' id='word_1_248' title='bbox 1482 3772 1559 3860; x_wconf 79' lang='grc' dir='ltr'><strong><em>ἐμός</em></strong></span> <span class='ocrx_word' id='word_1_249' title='bbox 1581 3798 1615 3841; x_wconf 84' lang='grc' dir='ltr'>τε</span> 
     </span>
     <span class='ocr_line' id='line_1_27' title="bbox 385 3876 1616 3968; baseline -0.002 -21"><span class='ocrx_word' id='word_1_250' title='bbox 385 3880 514 3965; x_wconf 79' lang='grc' dir='ltr'><strong><em>ἑταῖρος</em></strong></span> <span class='ocrx_word' id='word_1_251' title='bbox 532 3876 574 3964; x_wconf 78' lang='grc' dir='ltr'>ἦν</span> <span class='ocrx_word' id='word_1_252' title='bbox 591 3878 646 3947; x_wconf 79' lang='grc' dir='ltr'>καὶ</span> <span class='ocrx_word' id='word_1_253' title='bbox 665 3880 761 3962; x_wconf 80' lang='grc' dir='ltr'><strong><em>ὑμῶν</em></strong></span> <span class='ocrx_word' id='word_1_254' title='bbox 778 3888 823 3968; x_wconf 80' lang='grc' dir='ltr'>τῷ</span> <span class='ocrx_word' id='word_1_255' title='bbox 838 3883 961 3963; x_wconf 75' lang='grc' dir='ltr'><strong><em>πλήθει</em></strong></span> <span class='ocrx_word' id='word_1_256' title='bbox 980 3878 1061 3967; x_wconf 86' lang='lat' dir='ltr'>(scil.</span> <span class='ocrx_word' id='word_1_257' title='bbox 1077 3877 1220 3966; x_wconf 78' lang='grc' dir='ltr'><strong><em>ἑταῖρος)</em></strong></span> <span class='ocrx_word' id='word_1_258' title='bbox 1239 3880 1301 3951; x_wconf 76' lang='grc' dir='ltr'>καὶ</span> <span class='ocrx_word' id='word_1_259' title='bbox 1318 3881 1483 3967; x_wconf 80' lang='grc' dir='ltr'><strong><em>ξυνέφυγε</em></strong></span> <span class='ocrx_word' id='word_1_260' title='bbox 1498 3906 1525 3948; x_wconf 84' lang='grc' dir='ltr'>τ.</span> <span class='ocrx_word' id='word_1_261' title='bbox 1539 3907 1573 3965; x_wconf 85' lang='grc' dir='ltr'>φ.</span> <span class='ocrx_word' id='word_1_262' title='bbox 1589 3906 1616 3947; x_wconf 88' lang='grc' dir='ltr'>τ.</span> 
     </span>
     <span class='ocr_line' id='line_1_28' title="bbox 384 3985 1616 4073; baseline 0 -18"><span class='ocrx_word' id='word_1_263' title='bbox 384 3989 415 4055; x_wconf 80' lang='grc' dir='ltr'><strong>Α</strong></span> <span class='ocrx_word' id='word_1_264' title='bbox 439 3987 561 4057; x_wconf 88' lang='lat' dir='ltr'>Cobeto</span> <span class='ocrx_word' id='word_1_265' title='bbox 588 3990 741 4055; x_wconf 77' lang='lat' dir='ltr'>incitetur</span> <span class='ocrx_word' id='word_1_266' title='bbox 764 3985 940 4054; x_wconf 81' lang='lat' dir='ltr'>Schenzius</span> <span class='ocrx_word' id='word_1_267' title='bbox 968 3988 1046 4053; x_wconf 90' lang='lat' dir='ltr'>olim</span> <span class='ocrx_word' id='word_1_268' title='bbox 1070 4010 1097 4057; x_wconf 80' lang='grc' dir='ltr'>υ.</span> <span class='ocrx_word' id='word_1_269' title='bbox 1120 3988 1204 4053; x_wconf 76' lang='grc'><strong>1875</strong></span> <span class='ocrx_word' id='word_1_270' title='bbox 1227 3989 1333 4073; x_wconf 88' lang='lat' dir='ltr'>primo</span> <span class='ocrx_word' id='word_1_271' title='bbox 1358 3987 1502 4055; x_wconf 79' lang='lat' dir='ltr'>Plutonis</span> <span class='ocrx_word' id='word_1_272' title='bbox 1525 3988 1616 4055; x_wconf 87' lang='lat' dir='ltr'>rolu-</span> 
     </span>
     <span class='ocr_line' id='line_1_29' title="bbox 384 4094 1615 4183; baseline 0 -20"><span class='ocrx_word' id='word_1_273' title='bbox 384 4098 471 4163; x_wconf 87' lang='lat' dir='ltr'>minc</span> <span class='ocrx_word' id='word_1_274' title='bbox 499 4097 585 4165; x_wconf 86' lang='lat' dir='ltr'>edito</span> <span class='ocrx_word' id='word_1_275' title='bbox 614 4100 746 4163; x_wconf 76' lang='lat' dir='ltr'>auctore</span> <span class='ocrx_word' id='word_1_276' title='bbox 772 4094 811 4159; x_wconf 78' lang='lat' dir='ltr'>A.</span> <span class='ocrx_word' id='word_1_277' title='bbox 834 4094 1004 4181; x_wconf 81' lang='lat' dir='ltr'>Ludwigio</span> <span class='ocrx_word' id='word_1_278' title='bbox 1032 4116 1096 4159; x_wconf 89' lang='lat' dir='ltr'>nou</span> <span class='ocrx_word' id='word_1_279' title='bbox 1125 4094 1253 4177; x_wconf 79' lang='grc' dir='ltr'><strong><em>ἑταῖρός</em></strong></span> <span class='ocrx_word' id='word_1_280' title='bbox 1280 4118 1314 4161; x_wconf 87' lang='grc' dir='ltr'>τε</span> <span class='ocrx_word' id='word_1_281' title='bbox 1342 4095 1397 4161; x_wconf 83' lang='lat' dir='ltr'>sed</span> <span class='ocrx_word' id='word_1_282' title='bbox 1425 4094 1554 4183; x_wconf 74' lang='grc' dir='ltr'><strong><em>ἑταῖρός</em></strong></span> <span class='ocrx_word' id='word_1_283' title='bbox 1580 4120 1615 4163; x_wconf 79' lang='grc' dir='ltr'>τε</span> 
     </span>
     <span class='ocr_line' id='line_1_30' title="bbox 385 4198 1654 4287; baseline 0.002 -17"><span class='ocrx_word' id='word_1_284' title='bbox 385 4202 440 4270; x_wconf 76' lang='grc' dir='ltr'>καὶ</span> <span class='ocrx_word' id='word_1_285' title='bbox 463 4203 620 4269; x_wconf 83' lang='lat' dir='ltr'>eiiciends</span> <span class='ocrx_word' id='word_1_286' title='bbox 642 4208 675 4269; x_wconf 89' lang='lat' dir='ltr'>et</span> <span class='ocrx_word' id='word_1_287' title='bbox 698 4202 782 4267; x_wconf 85' lang='lat' dir='ltr'>benc</span> <span class='ocrx_word' id='word_1_288' title='bbox 804 4224 873 4267; x_wconf 84' lang='lat' dir='ltr'>esse</span> <span class='ocrx_word' id='word_1_289' title='bbox 896 4203 1087 4269; x_wconf 81' lang='lat' dir='ltr'>sententiam</span> <span class='ocrx_word' id='word_1_290' title='bbox 1111 4203 1244 4285; x_wconf 87' lang='lat' dir='ltr'>censuit,</span> <span class='ocrx_word' id='word_1_291' title='bbox 1267 4201 1344 4284; x_wconf 81' lang='grc' dir='ltr'><strong><em>ἐμός</em></strong></span> <span class='ocrx_word' id='word_1_292' title='bbox 1367 4226 1402 4269; x_wconf 85' lang='grc' dir='ltr'>τε</span> <span class='ocrx_word' id='word_1_293' title='bbox 1425 4200 1554 4287; x_wconf 76' lang='grc' dir='ltr'><strong><em>ἑταῖρος</em></strong></span> <span class='ocrx_word' id='word_1_294' title='bbox 1571 4198 1654 4287; x_wconf 70' lang='lat' dir='ltr'>dud</span> 
     </span>
     <span class='ocr_line' id='line_1_31' title="bbox 344 4306 1617 4397; baseline -0.001 -19"><span class='ocrx_word' id='word_1_295' title='bbox 344 4338 372 4379; x_wconf 81' lang='lat' dir='ltr'>ro</span> <span class='ocrx_word' id='word_1_296' title='bbox 385 4308 438 4376; x_wconf 74' lang='lat' dir='ltr'>nal</span> <span class='ocrx_word' id='word_1_297' title='bbox 463 4310 558 4393; x_wconf 75' lang='grc' dir='ltr'><strong><em>ὑμῶν</em></strong></span> <span class='ocrx_word' id='word_1_298' title='bbox 577 4318 621 4397; x_wconf 81' lang='grc' dir='ltr'>τῷ</span> <span class='ocrx_word' id='word_1_299' title='bbox 635 4310 758 4393; x_wconf 80' lang='grc' dir='ltr'><strong><em>πλήθει</em></strong></span> <span class='ocrx_word' id='word_1_300' title='bbox 777 4306 944 4392; x_wconf 78' lang='grc' dir='ltr'><strong><em>ξυνὲφνγε</em></strong></span> <span class='ocrx_word' id='word_1_301' title='bbox 962 4333 989 4373; x_wconf 92' lang='grc' dir='ltr'>τ.</span> <span class='ocrx_word' id='word_1_302' title='bbox 1004 4334 1038 4393; x_wconf 85' lang='grc' dir='ltr'>φ.</span> <span class='ocrx_word' id='word_1_303' title='bbox 1058 4309 1153 4393; x_wconf 91' lang='lat' dir='ltr'>idque</span> <span class='ocrx_word' id='word_1_304' title='bbox 1172 4308 1315 4375; x_wconf 86' lang='lat' dir='ltr'>obtinuit</span> <span class='ocrx_word' id='word_1_305' title='bbox 1334 4333 1437 4396; x_wconf 87' lang='lat' dir='ltr'>nuper</span> <span class='ocrx_word' id='word_1_306' title='bbox 1455 4309 1617 4397; x_wconf 73' lang='lat' dir='ltr'>Apologia</span> 
     </span>
     <span class='ocr_line' id='line_1_32' title="bbox 385 4414 1617 4502; baseline 0.001 -20"><span class='ocrx_word' id='word_1_307' title='bbox 385 4418 490 4484; x_wconf 83' lang='lat' dir='ltr'>denuo</span> <span class='ocrx_word' id='word_1_308' title='bbox 517 4417 604 4482; x_wconf 86' lang='lat' dir='ltr'>edite</span> <span class='ocrx_word' id='word_1_309' title='bbox 631 4421 665 4481; x_wconf 90' lang='lat' dir='ltr'>et</span> <span class='ocrx_word' id='word_1_310' title='bbox 691 4414 852 4481; x_wconf 85' lang='lat' dir='ltr'>uberrimo</span> <span class='ocrx_word' id='word_1_311' title='bbox 880 4418 1110 4483; x_wconf 79' lang='lat' dir='ltr'>commentario</span> <span class='ocrx_word' id='word_1_312' title='bbox 1139 4417 1310 4497; x_wconf 53' lang='lat' dir='ltr'>instructu·</span> <span class='ocrx_word' id='word_1_313' title='bbox 1337 4418 1399 4483; x_wconf 87' lang='lat' dir='ltr'>nisi</span> <span class='ocrx_word' id='word_1_314' title='bbox 1427 4417 1512 4502; x_wconf 92' lang='lat' dir='ltr'>quod</span> <span class='ocrx_word' id='word_1_315' title='bbox 1541 4416 1617 4499; x_wconf 75' lang='grc' dir='ltr'><strong><em>ἐμὸς</em></strong></span> 
     </span>
     <span class='ocr_line' id='line_1_33' title="bbox 385 4518 1618 4611; baseline 0.002 -21"><span class='ocrx_word' id='word_1_316' title='bbox 385 4522 514 4607; x_wconf 76' lang='grc' dir='ltr'><strong><em>ἑταῖρός</em></strong></span> <span class='ocrx_word' id='word_1_317' title='bbox 541 4546 575 4589; x_wconf 88' lang='grc' dir='ltr'>τε</span> <span class='ocrx_word' id='word_1_318' title='bbox 603 4518 645 4605; x_wconf 78' lang='grc' dir='ltr'>ἦν</span> <span class='ocrx_word' id='word_1_319' title='bbox 673 4522 708 4587; x_wconf 86' lang='grc' dir='ltr'>ἐκ</span> <span class='ocrx_word' id='word_1_320' title='bbox 731 4522 811 4589; x_wconf 82' lang='grc' dir='ltr'><strong><em>νέου</em></strong></span> <span class='ocrx_word' id='word_1_321' title='bbox 835 4521 933 4588; x_wconf 84' lang='lat' dir='ltr'>scribi</span> <span class='ocrx_word' id='word_1_322' title='bbox 956 4544 1051 4607; x_wconf 80' lang='lat' dir='ltr'>quem</span> <span class='ocrx_word' id='word_1_323' title='bbox 1076 4522 1151 4608; x_wconf 84' lang='grc' dir='ltr'><strong><em>ἐμός</em></strong></span> <span class='ocrx_word' id='word_1_324' title='bbox 1173 4548 1208 4591; x_wconf 85' lang='grc' dir='ltr'>τε</span> <span class='ocrx_word' id='word_1_325' title='bbox 1232 4522 1360 4609; x_wconf 79' lang='grc' dir='ltr'><strong><em>ἑταῖρος</em></strong></span> <span class='ocrx_word' id='word_1_326' title='bbox 1383 4524 1510 4611; x_wconf 80' lang='lat' dir='ltr'>moluit,</span> <span class='ocrx_word' id='word_1_327' title='bbox 1537 4525 1618 4593; x_wconf 78' lang='lat' dir='ltr'>hoec</span> 
     </span>
    </p>
   </div>
   <div class='ocr_carea' id='block_1_3' title="bbox 385 4626 1619 5358">
    <p class='ocr_par' dir='ltr' id='par_1_3' title="bbox 385 4626 1619 5358">
     <span class='ocr_line' id='line_1_34' title="bbox 386 4626 1618 4719; baseline 0.003 -24"><span class='ocrx_word' id='word_1_328' title='bbox 386 4636 423 4695; x_wconf 89' lang='lat' dir='ltr'>ut</span> <span class='ocrx_word' id='word_1_329' title='bbox 446 4631 529 4697; x_wconf 88' lang='lat' dir='ltr'>inter</span> <span class='ocrx_word' id='word_1_330' title='bbox 552 4652 586 4695; x_wconf 87' lang='lat' dir='ltr'>se</span> <span class='ocrx_word' id='word_1_331' title='bbox 609 4628 840 4713; x_wconf 88' lang='lat' dir='ltr'>responderent</span> <span class='ocrx_word' id='word_1_332' title='bbox 862 4626 940 4713; x_wconf 79' lang='grc' dir='ltr'><strong><em>ἐμὸς</em></strong></span> <span class='ocrx_word' id='word_1_333' title='bbox 960 4627 1088 4713; x_wconf 77' lang='grc' dir='ltr'><strong><em>ἑταῖρός</em></strong></span> <span class='ocrx_word' id='word_1_334' title='bbox 1111 4654 1146 4697; x_wconf 84' lang='grc' dir='ltr'>τε</span> <span class='ocrx_word' id='word_1_335' title='bbox 1169 4626 1287 4715; x_wconf 80' lang='grc' dir='ltr'><strong><em>ἦνκαὶ</em></strong></span> <span class='ocrx_word' id='word_1_336' title='bbox 1311 4632 1406 4714; x_wconf 82' lang='grc' dir='ltr'><strong><em>ὑμῶν</em></strong></span> <span class='ocrx_word' id='word_1_337' title='bbox 1429 4640 1474 4719; x_wconf 71' lang='grc' dir='ltr'>τῷ</span> <span class='ocrx_word' id='word_1_338' title='bbox 1494 4636 1618 4717; x_wconf 76' lang='grc' dir='ltr'><strong><em>πλήθει</em></strong></span> 
     </span>
     <span class='ocr_line' id='line_1_35' title="bbox 388 4734 1618 4823; baseline 0.005 -22"><span class='ocrx_word' id='word_1_339' title='bbox 388 4736 585 4821; x_wconf 79' lang='grc' dir='ltr'><strong><em>ξυνέφνγεν.</em></strong></span> <span class='ocrx_word' id='word_1_340' title='bbox 621 4734 710 4803; x_wconf 88' lang='lat' dir='ltr'>Idem</span> <span class='ocrx_word' id='word_1_341' title='bbox 740 4735 865 4801; x_wconf 85' lang='lat' dir='ltr'>studuit</span> <span class='ocrx_word' id='word_1_342' title='bbox 891 4734 1052 4819; x_wconf 84' lang='lat' dir='ltr'>explicere</span> <span class='ocrx_word' id='word_1_343' title='bbox 1080 4760 1118 4801; x_wconf 84' lang='lat' dir='ltr'>ex</span> <span class='ocrx_word' id='word_1_344' title='bbox 1146 4735 1208 4805; x_wconf 81' lang='lat' dir='ltr'>boo</span> <span class='ocrx_word' id='word_1_345' title='bbox 1235 4739 1395 4823; x_wconf 82' lang='lat' dir='ltr'>scripture</span> <span class='ocrx_word' id='word_1_346' title='bbox 1422 4760 1486 4823; x_wconf 90' lang='lat' dir='ltr'>quo</span> <span class='ocrx_word' id='word_1_347' title='bbox 1510 4760 1618 4807; x_wconf 84' lang='lat' dir='ltr'>errore</span> 
     </span>
     <span class='ocr_line' id='line_1_36' title="bbox 387 4842 1619 4927; baseline 0.002 -18"><span class='ocrx_word' id='word_1_348' title='bbox 387 4848 458 4909; x_wconf 84' lang='lat' dir='ltr'>orta</span> <span class='ocrx_word' id='word_1_349' title='bbox 485 4844 529 4909; x_wconf 90' lang='lat' dir='ltr'>sit</span> <span class='ocrx_word' id='word_1_350' title='bbox 556 4845 619 4909; x_wconf 81' lang='lat' dir='ltr'>istu</span> <span class='ocrx_word' id='word_1_351' title='bbox 647 4865 742 4927; x_wconf 81' lang='lat' dir='ltr'>quem</span> <span class='ocrx_word' id='word_1_352' title='bbox 771 4842 883 4927; x_wconf 87' lang='lat' dir='ltr'>scripti</span> <span class='ocrx_word' id='word_1_353' title='bbox 909 4842 986 4907; x_wconf 88' lang='lat' dir='ltr'>libri</span> <span class='ocrx_word' id='word_1_354' title='bbox 1013 4846 1137 4927; x_wconf 87' lang='lat' dir='ltr'>tenent,</span> <span class='ocrx_word' id='word_1_355' title='bbox 1164 4844 1221 4909; x_wconf 87' lang='lat' dir='ltr'>sed</span> <span class='ocrx_word' id='word_1_356' title='bbox 1249 4849 1286 4911; x_wconf 89' lang='lat' dir='ltr'>ut</span> <span class='ocrx_word' id='word_1_357' title='bbox 1312 4845 1407 4911; x_wconf 88' lang='lat' dir='ltr'>nobis</span> <span class='ocrx_word' id='word_1_358' title='bbox 1430 4846 1557 4913; x_wconf 87' lang='lat' dir='ltr'>videtur</span> <span class='ocrx_word' id='word_1_359' title='bbox 1579 4867 1619 4911; x_wconf 72' lang='lat' dir='ltr'>ee</span> 
     </span>
     <span class='ocr_line' id='line_1_37' title="bbox 385 4950 1619 5035; baseline 0.002 -18"><span class='ocrx_word' id='word_1_360' title='bbox 385 4951 510 5017; x_wconf 80' lang='lat' dir='ltr'>ratione</span> <span class='ocrx_word' id='word_1_361' title='bbox 534 4974 615 5034; x_wconf 83' lang='lat' dir='ltr'>quoe</span> <span class='ocrx_word' id='word_1_362' title='bbox 637 4950 843 5017; x_wconf 79' lang='lat' dir='ltr'>artificiosior</span> <span class='ocrx_word' id='word_1_363' title='bbox 865 4950 908 5015; x_wconf 88' lang='lat' dir='ltr'>sit</span> <span class='ocrx_word' id='word_1_364' title='bbox 931 4972 1027 5035; x_wconf 84' lang='lat' dir='ltr'>quom</span> <span class='ocrx_word' id='word_1_365' title='bbox 1051 4952 1262 5017; x_wconf 82' lang='lat' dir='ltr'>verisimilior.</span> <span class='ocrx_word' id='word_1_366' title='bbox 1301 4950 1362 5018; x_wconf 87' lang='lat' dir='ltr'>Sed</span> <span class='ocrx_word' id='word_1_367' title='bbox 1386 4952 1448 5017; x_wconf 93' lang='lat' dir='ltr'>boo</span> <span class='ocrx_word' id='word_1_368' title='bbox 1466 4956 1541 5019; x_wconf 86' lang='lat' dir='ltr'>utut</span> <span class='ocrx_word' id='word_1_369' title='bbox 1559 4958 1619 5035; x_wconf 75' lang='lat' dir='ltr'>est,</span> 
     </span>
     <span class='ocr_line' id='line_1_38' title="bbox 386 5056 1618 5145; baseline 0.002 -21"><span class='ocrx_word' id='word_1_370' title='bbox 386 5081 483 5143; x_wconf 83' lang='lat' dir='ltr'>quem</span> <span class='ocrx_word' id='word_1_371' title='bbox 502 5058 646 5124; x_wconf 87' lang='lat' dir='ltr'>condidit</span> <span class='ocrx_word' id='word_1_372' title='bbox 664 5058 842 5123; x_wconf 75' lang='lat' dir='ltr'>orationem</span> <span class='ocrx_word' id='word_1_373' title='bbox 861 5056 1046 5123; x_wconf 75' lang='lat' dir='ltr'>dubitamus</span> <span class='ocrx_word' id='word_1_374' title='bbox 1065 5078 1161 5141; x_wconf 78' lang='lat' dir='ltr'>quam</span> <span class='ocrx_word' id='word_1_375' title='bbox 1182 5062 1267 5125; x_wconf 88' lang='lat' dir='ltr'>recte</span> <span class='ocrx_word' id='word_1_376' title='bbox 1284 5057 1470 5127; x_wconf 84' lang='lat' dir='ltr'>condiderit.</span> <span class='ocrx_word' id='word_1_377' title='bbox 1502 5058 1618 5145; x_wconf 85' lang='lat' dir='ltr'>Neque</span> 
     </span>
     <span class='ocr_line' id='line_1_39' title="bbox 386 5164 1617 5251; baseline 0.002 -20"><span class='ocrx_word' id='word_1_378' title='bbox 386 5166 471 5231; x_wconf 91' lang='lat' dir='ltr'>enim</span> <span class='ocrx_word' id='word_1_379' title='bbox 497 5187 584 5232; x_wconf 91' lang='lat' dir='ltr'>nunc</span> <span class='ocrx_word' id='word_1_380' title='bbox 612 5187 693 5249; x_wconf 85' lang='lat' dir='ltr'>quoe</span> <span class='ocrx_word' id='word_1_381' title='bbox 720 5186 779 5250; x_wconf 82' lang='lat' dir='ltr'>per</span> <span class='ocrx_word' id='word_1_382' title='bbox 804 5165 980 5250; x_wconf 79' lang='lat' dir='ltr'>porticulus</span> <span class='ocrx_word' id='word_1_383' title='bbox 1002 5164 1041 5229; x_wconf 82' lang='grc' dir='ltr'><em>τέ</em></span> <span class='ocrx_word' id='word_1_384' title='bbox 1060 5170 1093 5229; x_wconf 88' lang='lat' dir='ltr'>et</span> <span class='ocrx_word' id='word_1_385' title='bbox 1115 5168 1174 5231; x_wconf 86' lang='grc' dir='ltr'>καί</span> <span class='ocrx_word' id='word_1_386' title='bbox 1193 5164 1372 5251; x_wconf 79' lang='lat' dir='ltr'>iunguntur</span> <span class='ocrx_word' id='word_1_387' title='bbox 1395 5166 1553 5233; x_wconf 86' lang='lat' dir='ltr'>curiosius</span> <span class='ocrx_word' id='word_1_388' title='bbox 1576 5166 1617 5233; x_wconf 90' lang='lat' dir='ltr'>ri·</span> 
     </span>
     <span class='ocr_line' id='line_1_40' title="bbox 385 5270 1617 5358; baseline 0 -19"><span class='ocrx_word' id='word_1_389' title='bbox 385 5274 489 5339; x_wconf 81' lang='lat' dir='ltr'>menti</span> <span class='ocrx_word' id='word_1_390' title='bbox 512 5274 590 5339; x_wconf 86' lang='lat' dir='ltr'>sctis</span> <span class='ocrx_word' id='word_1_391' title='bbox 613 5277 687 5358; x_wconf 82' lang='lat' dir='ltr'>epte</span> <span class='ocrx_word' id='word_1_392' title='bbox 711 5273 890 5357; x_wconf 76' lang='lat' dir='ltr'>comparari</span> <span class='ocrx_word' id='word_1_393' title='bbox 913 5276 949 5337; x_wconf 91' lang='lat' dir='ltr'>ut</span> <span class='ocrx_word' id='word_1_394' title='bbox 971 5275 1079 5355; x_wconf 74' lang='lat' dir='ltr'>partes</span> <span class='ocrx_word' id='word_1_395' title='bbox 1103 5270 1183 5337; x_wconf 86' lang='lat' dir='ltr'>duse</span> <span class='ocrx_word' id='word_1_396' title='bbox 1208 5272 1369 5339; x_wconf 86' lang='lat' dir='ltr'>videntur:</span> <span class='ocrx_word' id='word_1_397' title='bbox 1393 5272 1469 5355; x_wconf 79' lang='grc' dir='ltr'><strong><em>ἐμὸς</em></strong></span> <span class='ocrx_word' id='word_1_398' title='bbox 1489 5272 1617 5357; x_wconf 80' lang='grc' dir='ltr'><strong><em>ἑταῖρός</em></strong></span> 
     </span>
    </p>
   </div>
   <div class='ocr_carea' id='block_1_4' title="bbox 0 0 1978 6675">
    <p class='ocr_par' dir='ltr' id='par_1_4' title="bbox 0 0 1978 6675">
     <span class='ocr_line' id='line_1_41' title="bbox 0 0 1978 6675; baseline 0 0"><span class='ocrx_word' id='word_1_399' title='bbox 0 0 1978 6675; x_wconf 95' lang='lat' dir='ltr'> </span> 
     </span>
    </p>
   </div>
  </div>
 </body>
</html>
