3925 6675
463 1175 514 1226 DE
537 1175 659 1226 VERBO
677 1174 851 1225 ΔΦΕΙΔΒΙΝ
871 1175 909 1224 IN
929 1174 1131 1225 SOPHOCLIS
1149 1174 1346 1226 ANTIGONA.
1460 1172 1526 1237 175

286 1335 507 1423 Intelligimus
540 1358 605 1401 non
634 1357 762 1401 securos
789 1335 889 1400 fuisse
915 1335 1077 1418 Bebrycas
1104 1335 1190 1420 regis
1219 1336 1317 1400 occisi
1346 1335 1400 1399 sed
1428 1337 1526 1400 armis

288 1445 392 1527 ceptis
410 1443 631 1508 vindicaturos
650 1446 815 1507 mortuum
833 1440 961 1507 Polluci
980 1441 1109 1507 obviam
1128 1443 1234 1524 ivisse,
1258 1443 1546 1533 agnoscimusque>

288 1549 423 1619 eandem
447 1572 543 1635 qnam
567 1554 640 1614 ante
663 1548 753 1614 verbi
777 1548 956 1632 ἀφειδήσαι
980 1549 1259 1634 significationem.
1297 1546 1388 1613 Nihil
1411 1549 1526 1614 disere

288 1659 419 1742 pantiae
443 1662 493 1722 est
516 1657 550 1721 in
572 1657 675 1741 libris,
697 1677 802 1739 neque
821 1655 1026 1721 scholiastam
1046 1660 1196 1740 putamus
1216 1655 1303 1720 aliud
1321 1657 1447 1741 legisse,
1470 1657 1527 1738 qui

289 1787 361 1829 cnm
390 1765 586 1832 sententiam
617 1764 671 1828 its
689 1765 919 1847 interpretatur
946 1763 1008 1827 οὐκ
1036 1761 1234 1846 ἠμέλησαν
1258 1762 1296 1827 δέ
1318 1781 1423 1846 φησιν
1446 1759 1526 1827 οὐδὲ

288 1875 594 1954 κατεφρόνησαν
607 1879 668 1936 τοῦ
679 1869 824 1954 Ἀμύκου
838 1872 1058 1952 πεπτωκότος,
1073 1869 1186 1934 iisdem
1201 1869 1330 1953 quidem
1346 1869 1450 1933 verbis
1465 1871 1526 1933 uti·

289 1983 350 2062 tur,
365 1977 488 2061 quibus
503 1977 656 2061 ἀφειδεῖν
668 1976 921 2061 interpretantur
935 1975 1146 2059 grammatici,
1161 1977 1195 2039 in
1204 1975 1526 2040 BekkeriAnecdotis

288 2108 318 2170 p.
332 2084 402 2150 469
417 2083 617 2168 ἀφειδήσαςε
637 2083 840 2166 ἀμελήσας,
854 2081 1036 2166 Hesychius
1055 2082 1248 2166 ἀφειδήσας
1269 2084 1313 2167 μή
1329 2084 1528 2167 φεισάμενος

289 2193 597 2275 καταφρονήσας
620 2191 640 2274 ἢ
662 2190 816 2274 παριδών
839 2187 1037 2276 (περιιδών).
1070 2189 1154 2254 Vide
1177 2190 1262 2272 spud
1281 2190 1418 2255 eundern
1437 2191 1528 2274 ήφει-

290 2300 437 2382 δηκότες.
478 2296 592 2361 Nihilo
627 2298 733 2361 minus
760 2295 846 2362 hanc
873 2297 1066 2382 scripturam
1097 2296 1289 2361 abiecerunt.
1331 2295 1415 2373 Quia
1442 2297 1527 2361 enim
1543 2322 1572 2363 ro

292 2405 538 2470 Choeroboscus
566 2405 600 2468 in
627 2403 801 2469 Theodosii
829 2401 989 2487 Ganones,
1016 2403 1062 2468 ibi
1089 2403 1148 2468 ubi
1175 2405 1358 2488 Βεβρύκων
1387 2403 1528 2467 nominis

290 2511 477 2597 prosodiam
497 2512 657 2595 disceptat
675 2510 701 2597 (1
718 2534 750 2597 p.
771 2512 836 2575 314
851 2509 948 2576 Gaisf.
973 2529 985 2574 1
1004 2534 1034 2595 p.
1050 2510 1115 2574 295
1130 2508 1243 2597 Πύρ),
1262 2533 1334 2576 curn
1354 2512 1399 2576 ita
1417 2510 1529 2576 scribit

293 2619 417 2704 εὑρέθη
442 2620 506 2704 γὰρ
526 2617 684 2705 (Βέβρυξ)
708 2616 762 2682 καὶ
788 2617 1002 2699 ἐκτεταμένον
1025 2615 1103 2701 ἕχον
1126 2619 1162 2682 τὸ
1186 2642 1219 2700 v,
1243 2608 1317 2683 οἷον
1335 2617 1530 2702 τΒεβρύκων

294 2729 452 2809 βασιλῆος
470 2724 646 2810 ἀγήνορος
668 2723 790 2811 (Apoll.
805 2723 891 2810 112),
909 2726 963 2790 καὶ
978 2723 1254 2807 συνεσταλμένον,
1274 2715 1347 2790 οἷον
1362 2723 1447 2789 ‘odd'
1465 2726 1529 2805 ἀρα

293 2833 460 2917 Βέβρυκες
480 2833 601 2915 ἀνδρες
614 2832 686 2915 ἀκή
692 2832 713 2895 δ
719 2848 818 2914 ησαν
831 2834 989 2914 βασιλῆος
997 2830 1014 2913 ’,
1033 2833 1067 2895 in
1081 2853 1176 2896 versu
1189 2835 1301 2896 nostro
1316 2853 1382 2895 non
1396 2831 1528 2914 ἀφείδη·

295 2956 357 3005 σαν
371 2940 428 3003 scd
442 2939 613 3022 ἀκήδησαν
626 2939 720 3003 affert
734 2936 822 3024 (nam
836 2939 947 3003 testari
961 2960 1002 3003 ne
1018 2938 1081 3003 dici
1091 2939 1221 3022 quidem
1230 2935 1363 3023 potest),
1376 2937 1529 3003 hocMer-

295 3045 407 3130 lelius,
417 3051 527 3130 spreto
536 3045 694 3110 librorum
704 3045 898 3128 testimonio,
908 3045 1084 3130 Apollonio
1095 3067 1154 3110 suo
1164 3044 1312 3127 reddidit,
1327 3044 1529 3127 improbante

297 3151 458 3218 hlainekio
486 3151 580 3217 Anal.
607 3151 698 3217 Alex.
726 3175 757 3237 p.
787 3151 864 3234 130,
896 3152 1055 3237 probante
1088 3152 1229 3237 graviter
1256 3151 1413 3216 Bonitzio.
1456 3150 1535 3216 Πλεῖ

299 3260 380 3344 pardi
406 3259 590 3325 credimus?
624 3258 731 3324 Paene
758 3258 940 3323 mirandum
968 3262 1017 3323 est
1044 3260 1155 3324 doctos
1183 3258 1329 3323 homines
1353 3263 1419 3323 tam
1442 3258 1529 3323 festi-

301 3372 409 3432 nanter
431 3390 451 3430 a
474 3365 700 3433 Choerobosco
724 3366 900 3431 exhibitam
924 3368 1115 3452 scripturam
1139 3368 1323 3451 arripuisse,
1346 3389 1450 3451 neque
1472 3389 1529 3451 pn·
1544 3400 1573 3439 ιι

304 3477 402 3539 tumus
429 3474 491 3539 hoc
516 3473 588 3538 fieri
609 3475 756 3559 potuisse
778 3473 842 3538 nisi
865 3473 905 3538 ab
930 3475 969 3538 iis
994 3473 1050 3558 qui
1073 3478 1130 3538 aut
1151 3473 1276 3537 nollent
1299 3478 1443 3539 autnon
1466 3495 1530 3539 cre

245 3621 247 3648 l
308 3579 410 3645 duent
430 3580 618 3664 ἀφείδησαν
641 3579 757 3646 habere
780 3602 864 3664 eam,
888 3603 986 3665 quam
1008 3580 1227 3665 probavimus,
1253 3581 1529 3667 significationem.

309 3682 384 3749 Nam
410 3686 449 3750 de
475 3708 584 3752 errore
611 3688 639 3751 si
666 3688 786 3772 agitur,
817 3709 1012 3772 quamquam
1041 3708 1106 3750 non
1133 3690 1292 3751 nescimus
1321 3689 1470 3771 φείδεται
1498 3691 1530 3750 et

313 3793 440 3877 κήδεται,
463 3793 662 3877 φειδόμενος
684 3798 717 3859 et
740 3795 920 3877 κηδόμενος
943 3795 997 3858 hic
1016 3793 1083 3858 illic
1101 3795 1185 3857 inter
1204 3816 1238 3858 se
1257 3798 1289 3857 et
1308 3795 1343 3858 in
1361 3798 1530 3878 utramque

317 3898 428 3980 quidem
454 3904 580 3987 partem
607 3905 806 3986 permutatas
832 3900 951 3965 formas
975 3922 1044 3965 esse
1068 3898 1147 3987 (qua
1170 3901 1208 3964 de
1231 3922 1264 3965 re
1288 3900 1338 3965 Fr.
1358 3899 1531 3984 Iacobsius‚

320 4023 398 4085 quem
418 4006 598 4072 Meinekius
625 4007 748 4090 lsudat,
777 4008 810 4071 in
833 4007 965 4071 Anthol.
985 4006 1085 4072 Palat.
1105 4024 1128 4071 ‘V
1143 4008 1208 4071 279
1233 4013 1265 4072 et
1284 4008 1473 4073 Wecklinus
1498 4009 1531 4071 in

324 4108 385 4176 tre
404 4112 571 4199 Sophoclis
600 4115 789 4180 emendandi
811 4139 842 4200 p.
861 4114 906 4178 50
929 4113 1058 4200 agunt),
1087 4137 1197 4199 quam,
1226 4137 1432 4199 quaesumus,
1459 4137 1532 4199 pro

325 4212 410 4283 bibile
433 4226 493 4304 est,
521 4220 721 4306 ἀφείδησαν,
749 4222 835 4306 qnod
869 4226 918 4286 est
945 4222 1179 4308 significantius
1208 4222 1341 4286 verbum
1369 4226 1401 4286 et
1428 4223 1532 4308 magis

328 4327 479 4411 proprium,
506 4327 658 4412 qnodque
685 4351 747 4393 usu
774 4334 889 4413 poetae
916 4330 1177 4413 testimoniisque
1200 4330 1356 4393 librorum
1381 4333 1414 4393 et
1436 4330 1531 4394 inter-

331 4432 405 4506 ists
429 4432 541 4499 Graeci
569 4433 746 4518 stabilitur,
773 4457 881 4500 errore
908 4440 1020 4500 natum
1049 4458 1131 4519 esse,
1160 4459 1224 4500 non
1253 4459 1358 4501 errore
1387 4436 1531 4516 alterum,
1546 4469 1574 4509 ιι

334 4534 397 4613 quod
414 4544 444 4605 et
464 4540 644 4626 simplicem
667 4540 764 4606 habet
783 4546 992 4627 apertamque
1011 4542 1280 4626 significationem
1301 4548 1334 4607 et
1352 4542 1392 4606 ab
1412 4565 1450 4607 eo
1470 4548 1533 4607 tra-

245 4707 250 4712 .
336 4634 408 4726 illut,
431 4650 483 4731 qui
505 4647 624 4713 mirum
648 4653 804 4733 quantum
827 4653 929 4712 scatet
952 4649 1114 4713 erroribus
1138 4650 1169 4712 in
1194 4654 1363 4734 poetarum
1387 4650 1533 4714 versibus

245 4786 258 4825 ..τ
338 4761 396 4823 l1¹⁰³
413 4754 525 4839 citavit,
548 4755 616 4819 sive
638 4753 763 4820 librarii
785 4759 959 4839 peccarunt
982 4756 1049 4819 sive
1073 4758 1301 4840 grammaticus
1320 4757 1435 4844 ipse*).
1470 4757 1532 4822 Sed

345 4883 385 4896 x*
392 4893 513 4907 s----

245 4994 275 5042 ,n
403 4978 457 5047 ‘³t)
473 4982 609 5037 Nolumus
632 4983 686 5037 hoc
708 4984 840 5052 persequi
864 4983 989 5055 longius,
1013 5001 1183 5054 quamquam
1203 4985 1233 5038 in
1253 4985 1471 5056 diligentissima
1489 5003 1532 5038 re-

345 5063 437 5121 mnus
456 5070 585 5142 llilgnrdi
610 5071 722 5126 facilius
745 5089 820 5125 nunc
843 5077 886 5127 ast
909 5090 995 5142 quam
1019 5077 1079 5127 erat
1102 5075 1130 5126 in
1156 5073 1297 5128 Gaisfordi
1322 5075 1458 5139 editione,
1483 5074 1531 5125 sed

347 5143 450 5238 *λῶντι
464 5162 566 5227 tamen,
585 5161 608 5215 si
629 5162 693 5230 quis
711 5163 871 5216 examinare
890 5163 995 5230 cupiat,
1014 5180 1105 5231 pauca
1123 5163 1253 5232 exempla
1266 5180 1339 5230 quae
1354 5181 1388 5215 ex
1402 5162 1532 5230 Hilgardi

348 5224 397 5326 tta
413 5243 545 5316 damus:
569 5268 596 5319 p.
617 5257 681 5318 ιιι,
701 5256 743 5305 oo.
764 5256 829 5315 aaa,
844 5256 885 5304 ss.
906 5257 971 5312 aas,
992 5258 1032 5304 as.
1055 5258 1114 5306 ιιι.
1135 5258 1194 5306 res.
1220 5284 1252 5292 -
1278 5252 1405 5305 Ceterum
1431 5250 1532 5303 similis

351 5326 516 5391 utflificctionis
534 5356 615 5393 voces
634 5340 664 5392 in
682 5338 762 5393 libris
782 5340 894 5409 scriptis
913 5339 987 5393 inter
1006 5358 1035 5394 se
1054 5342 1207 5409 permutari
1222 5344 1289 5394 notu
1303 5358 1347 5394 res
1363 5343 1413 5407 est,
1434 5342 1462 5392 et
1478 5338 1532 5392 for-

352 5405 404 5465 m
416 5436 459 5477 non
474 5426 570 5482 inutile
589 5431 634 5483 est
647 5429 676 5482 in
695 5429 748 5483 hac
763 5444 847 5483 musa
861 5446 1015 5483 memorare
1034 5430 1064 5483 in
1077 5428 1272 5498 Xenophontis
1287 5428 1411 5482 Anabasi
1425 5448 1442 5481 v
1457 5434 1482 5495 4,
1498 5433 1533 5482 20
