3925 6675
641 1107 692 1157 nn
709 1106 940 1158 muniano
959 1106 1118 1157 varamo
1137 1105 1292 1156 uaxmo.
1367 1116 1368 1120 ¹
1525 1104 1588 1168 137

374 1269 500 1348 ulubris
521 1270 559 1333 in
581 1268 697 1334 aeaeis
717 1269 866 1351 Μακέων,
887 1288 947 1349 oreo
963 1268 1091 1350 firmius
1108 1266 1299 1345 mboereorm
1322 1289 1344 1331 a
1355 1268 1532 1350 perpendo,
1555 1269 1591 1333 id

377 1380 407 1438 at
420 1376 515 1457 fluere
554 1375 644 1442 Unde
661 1381 688 1441 et
699 1381 810 1458 poetae
817 1395 957 1457 paupere
969 1394 1075 1440 casus
1089 1375 1236 1439 ducator
1249 1379 1278 1439 et
1290 1374 1443 1456 apricolm
1451 1395 1591 1457 paupere

376 1481 489 1563 amtor.
524 1480 615 1546 Idem
637 1505 667 1567 p.
687 1481 764 1563 261,
786 1482 827 1546 14
850 1481 995 1564 Poscere
1019 1483 1126 1564 pipere,
1153 1482 1236 1546 unde
1256 1481 1389 1564 plantae
1410 1483 1514 1564 ponpa
1541 1482 1590 1546 di·

382 1594 475 1669 asar,
496 1609 567 1654 nem
588 1591 626 1654 iu
647 1595 764 1654 mom
783 1590 1004 1666 desilientem
1027 1589 1102 1653 inde
1119 1590 1214 1653 etiam
1230 1608 1336 1654 oona
1348 1591 1452 1670 pacui
1468 1588 1515 1653 vel
1532 1590 1590 1671 βψ·

384 1695 484 1760 acac
505 1697 669 1773 dicuntum
692 1696 749 1760 ubi
772 1696 806 1760 in
824 1694 913 1761 Festi
932 1695 1040 1761 codice
1058 1695 1164 1779 prima
1181 1699 1309 1759 tantum
1329 1695 1369 1759 ad
1387 1697 1591 1760 amaraco

387 1806 481 1866 serrata
512 1806 597 1867 sunt
639 1801 721 1867 Gurn
752 1803 855 1889 igitur
885 1801 1051 1875 videamus
1077 1822 1217 1884 paupere
1247 1801 1366 1867 habere
1395 1823 1465 1866 earn
1493 1824 1590 1886 quam

389 1909 586 1989 canebamus
609 1909 892 1995 significationem,
914 1931 981 1974 non
1004 1909 1163 1993 estquod
1186 1908 1248 1974 hoc
1271 1909 1405 1973 verbum
1429 1909 1590 1974 adimatur
1678 1959 1680 1963 -

390 2009 500 2099 Valerio,
530 2017 586 2100 qni
618 2016 654 2080 in
684 2038 719 2080 re
749 2017 856 2101 prisca
882 2015 1042 2081 narranda
1068 2017 1175 2100 prisco
1203 2017 1252 2080 uti
1280 2015 1437 2082 vocabulo
1466 2016 1589 2100 maluit,

391 2121 494 2200 quodsi
514 2145 580 2188 non
603 2123 645 2187 ab
663 2122 771 2188 Ennio
795 2127 852 2187 aut
868 2121 1029 2205 Lucretio,
1052 2145 1071 2186 a
1091 2121 1243 2187 Cicerone
1267 2127 1352 2188 certe
1371 2124 1428 2207 qui
1446 2123 1589 2189 Ennium

392 2225 471 2292 aurit
491 2235 634 2314 repetere
656 2230 771 2314 potuit.
1604 2254 1631 2294 ro

454 2352 482 2401 u
514 2334 637 2401 Iterum
659 2357 720 2401 nos
743 2336 868 2400 Ennius
892 2335 1060 2401 adiuvabit
1081 2341 1119 2401 ut
1141 2358 1364 2401 succurramus
1382 2335 1523 2402 Valerio.
1550 2334 1590 2400 In

392 2439 456 2505 nin
476 2444 670 2526 narratione,
698 2465 779 2528 qnae
807 2446 857 2507 est
883 2441 923 2507 de
950 2465 1058 2508 amore
1087 2444 1286 2512 clandestino
1314 2464 1380 2527 quo
1407 2441 1589 2509 Antiochus

393 2539 485 2614 &leuci
509 2552 595 2636 regis
622 2549 711 2615 iilius
738 2572 909 2615 novercam
937 2572 1029 2616 snam
1058 2549 1224 2634 deperibat
1255 2548 1459 2616 Stratonicen
1487 2550 1589 2634 deque

393 2646 542 2721 tractari
564 2657 682 2722 medici
706 2656 876 2740 prudentia
900 2678 973 2721 eum
997 2678 1139 2722 amorem
1163 2656 1354 2742 detegentis,
1376 2656 1456 2722 haec
1478 2657 1589 2744 legun·

392 2757 604 2828 turvlextl
627 2762 839 2850 (p.261‚29)

490 2872 578 2936 iacto
604 2871 795 2935 Antiorlmm
825 2870 947 2949 sedeas,
978 2877 1014 2936 ut
1045 2892 1115 2936 eum
1142 2873 1187 2936 od
1212 2874 1374 2937 inbutum
1402 2871 1591 2937 Stratonices

490 2977 597 3043 urbm
615 2978 769 3060 Mundi
791 2983 820 3043 et
840 2979 956 3061 spiritu
980 2979 1196 3044 increbrescere
1218 3000 1312 3060 eaque
1335 2979 1505 3061 eprediente
1516 2978 1591 3060 pul-

491 3084 596 3150 leecere
618 3090 647 3149 et
667 3086 689 3166 †
711 3087 919 3151 excitatiorem
942 3085 1114 3150 anhelitum
1136 3086 1268 3151 mtiade
1288 3105 1469 3167 recuperare
1486 3087 1591 3150 caim·

490 3193 633 3271 adoertit,
666 3193 833 3257 mriooiore
864 3194 1072 3257 observatione
1103 3194 1148 3256 cd
1179 3194 1282 3274 ursam
1313 3194 1472 3257 veritma
1496 3212 1591 3274 pene·

490 3301 599 3365 basil:
628 3301 767 3365 intrante
793 3301 876 3364 enim
900 3298 1075 3365 Stratonice
1096 3304 1124 3364 et
1145 3320 1256 3366 naurs
1278 3301 1407 3365 abeunte
1429 3299 1589 3365 &omium
1603 3321 1631 3362 ro

489 3408 693 3473 maseato
710 3407 946 3473 dissimulanter
964 3408 1219 3489 commenticiam
1237 3408 1327 3473 modo
1340 3409 1486 3489 sepeliere
1500 3407 1590 3472 oudo

488 3514 685 3597 hspuidiore
705 3514 803 3596 pulsu
829 3535 980 3578 cosmum
1003 3517 1149 3596 competi
1171 3516 1259 3580 cuias
1282 3516 1381 3579 morbi
1404 3535 1494 3596 ceper
1516 3519 1592 3580 esset

484 3624 688 3704 metimque
709 3622 747 3685 id
768 3621 892 3686 Seleuco
914 3623 1062 3702 mmmm

384 3716 479 3791 ladem
495 3727 606 3793 fabula
624 3752 643 3793 a
661 3726 884 3813 compluribus
904 3727 1116 3813 scriptoribus
1136 3725 1263 3793 Graecis
1282 3729 1427 3811 refertur,
1451 3750 1589 3812 quorum

382 3848 458 3898 onom
486 3839 518 3899 et
549 3834 688 3900 alterum
720 3834 916 3919 προέκδοσις
948 3834 1141 3919 Kempfiana
1173 3836 1343 3918 citaverat,
1375 3835 1455 3899 alios
1487 3857 1591 3919 nuper

381 3931 405 4000 [l.
419 3937 553 4007 Heraens
580 3942 616 4006 in
639 3941 807 4027 spicilegio
831 3942 943 4006 critico
967 3942 1002 4006 in
1021 3940 1152 4006 Valerio
1175 3942 1318 4007 Maximo
1341 3940 1513 4028 (supplem.
1527 3958 1589 4006 m

378 4048 460 4114 annal
477 4047 590 4134 philol.
606 4046 708 4135 1893)
722 4071 752 4132 p.
768 4048 834 4113 606
858 4048 977 4113 attulit.
1014 4048 1066 4113 Ex
1088 4050 1129 4113 iis
1153 4053 1185 4113 et
1208 4071 1248 4112 ex
1267 4047 1388 4113 Valerii
1407 4048 1589 4113 narratione

376 4150 429 4236 ipsa
448 4160 580 4240 apparet
603 4159 636 4219 et
658 4154 784 4240 pridem
807 4156 1008 4220 intellectum
1032 4160 1080 4220 est
1103 4158 1319 4234 eaeimtiorm
1344 4176 1425 4239 quae
1447 4159 1497 4219 est
1516 4155 1591 4219 scri·

374 4264 451 4341 plura
476 4262 597 4328 codicis
620 4261 842 4345 Laurentiani,
870 4284 935 4346 quo
963 4262 1048 4327 redit
1075 4263 1171 4326 etiam
1195 4262 1280 4346 quod
1304 4266 1354 4326 est
1377 4262 1411 4326 in
1433 4261 1589 4326 Bernensi

355 4372 612 4448 eremmon,
648 4391 784 4453 pravum
817 4391 885 4435 esse
917 4373 951 4433 et
982 4368 1155 4433 desiderari
1188 4370 1353 4434 notionem
1386 4370 1588 4433 contrariam.
1603 4390 1630 4430 ao

374 4470 460 4548 Quare
486 4482 544 4541 aut
568 4477 755 4543 seduliorem
782 4481 839 4541 aut
866 4477 1036 4542 tardiorem
1065 4476 1269 4541 scribendum
1297 4477 1588 4559 procreatorem

374 4588 605 4667 proposuerunt,
631 4588 796 4668 postremo
824 4582 969 4648 Heraeus
991 4582 1012 4647 l.
1036 4604 1060 4647 c.
1085 4584 1315 4664 caracallam,
1344 4582 1430 4666 quod
1459 4603 1527 4647 esse
1550 4582 1589 4647 li-

375 4684 500 4756 beriorem
532 4692 771 4775 interpretatur.
818 4689 939 4754 Damus
971 4690 1034 4753 hoe
1066 4690 1199 4773 propius
1232 4712 1251 4753 a
1282 4692 1441 4774 scriptura
1470 4688 1589 4754 tradita

377 4792 479 4881 thetae,
508 4797 565 4863 sed
592 4797 828 4883 significatione
856 4798 1013 4861 sentimus
1035 4801 1197 4880 praestare
1221 4797 1290 4879 illa,
1319 4818 1456 4881 quorum
1481 4800 1589 4860 tamen

377 4908 502 4969 anunm
520 4904 682 4990 probabili
699 4904 889 4969 emendandi
907 4904 1003 4968 modo
1022 4908 1245 4987 recuperatum
1263 4907 1320 4967 est.
1358 4902 1513 4979 Quocirca
1527 4903 1589 4966 hoc

379 5009 512 5091 'gendum
536 5017 594 5095 est,
616 5016 654 5076 ut
676 5012 883 5095 anqniramus
907 5010 995 5094 quod
1016 5011 1145 5093 utrique
1164 5010 1321 5074 desiderio
1341 5011 1524 5073 satisfacere
1543 5009 1589 5072 vi-

381 5107 477 5181 deatur.
511 5118 561 5185 Ac
587 5142 648 5184 nos
675 5118 752 5182 dum
779 5123 928 5182 naturam
955 5116 1020 5181 loci
1043 5116 1254 5201 perspicimus
1278 5118 1312 5180 in
1335 5117 1588 5197 memoriamque

383 5218 496 5290 ralimus
522 5247 634 5290 eorurn
662 5247 744 5310 quae
774 5225 852 5290 alibi
879 5224 920 5289 ad
947 5223 1171 5294 vindicandam
1201 5223 1378 5288 orationem
1406 5222 1587 5285 Ennianum

384 5341 439 5402 lla
457 5352 504 5413 ayo
526 5355 595 5399 meo
617 5354 673 5416 ope
695 5354 733 5398 ea
750 5333 884 5398 Incertis
906 5337 1002 5397 certos
1024 5336 1228 5413 compotesque
1250 5329 1360 5395 emrsili
1378 5328 1513 5393 Dimitte
1536 5349 1587 5390 ex·
