3925 6675
424 1108 490 1173 272
626 1111 735 1162 nvn.
754 1111 869 1160 INDEX
886 1110 1101 1162 LECTIONUM
1118 1109 1351 1162 AESTIVARUM
1370 1111 1447 1162 1898.

514 1275 576 1337 NI.
590 1275 640 1348 τίς
659 1267 721 1337 οὖν
735 1270 855 1354 γένοιτ’
874 1271 931 1356 άν;
955 1275 1025 1337 ΛΗ.
1042 1271 1115 1354 λέγε
1130 1273 1180 1336 σύ.
1205 1273 1268 1335 ΝΙ.
1283 1273 1325 1336 σὺ
1339 1267 1401 1352 μὲν
1415 1265 1478 1336 οὖν
1492 1294 1548 1354 μοι
1564 1269 1653 1353 λέγε,

425 1379 468 1444 14
594 1379 716 1461 ἵναμὴ
739 1378 899 1463 μάχωμαι.
923 1381 1000 1443 ΔΗ.
1023 1379 1068 1462 μά
1091 1379 1150 1443 τὸν
1169 1375 1317 1444 Ἀπόλλω
1336 1373 1397 1460 ’γὼ
1420 1377 1481 1463 μὲν
1504 1377 1555 1443 οὔ.

424 1486 466 1552 16
512 1489 574 1550 ΝΙ.
588 1495 659 1562 πῶς
681 1483 723 1549 ἂν
747 1485 789 1548 σύ
813 1509 869 1569 μοι
894 1484 1018 1564 λέξειας
1041 1481 1102 1567 ἁμὲ
1124 1487 1186 1570 χρὴ
1210 1484 1333 1568 λέγειν;

425 1592 467 1658 15
494 1596 571 1657 ΔΗ.
587 1590 659 1657 ἀλλ’
686 1587 756 1656 εἰπὲ
778 1597 934 1676 θαρρῶν,
957 1585 1028 1657 εἶτα
1050 1592 1139 1674 κάγὼ
1164 1590 1217 1657 σοὶ
1241 1592 1369 1676 φράσω.

426 1700 466 1764 17
513 1703 576 1764 ΝΙ.
591 1697 663 1763 ἀλλ’
690 1697 753 1763 οὐκ
775 1695 827 1763 ἔνι
849 1723 906 1782 μοι
929 1700 966 1764 τὸ
990 1698 1118 1783 θρέττε.

424 1805 473 1872 De
500 1805 552 1871 his
575 1805 722 1871 versibus
745 1802 949 1870 Hermeunus
973 1803 1135 1890 Senppius
1159 1806 1236 1870 olim
1260 1805 1438 1891 disputavit
1460 1805 1494 1869 iu
1517 1805 1657 1890 epistole

424 1914 536 1978 critico
558 1913 598 1976 ed
622 1911 838 1977 Godofredum
863 1911 1084 1978 Hermennum
1108 1912 1196 1996 dete3
1220 1934 1301 1996 queo
1324 1933 1410 1977 nuno
1432 1911 1497 1998 legi
1518 1915 1657 1997 possunt

425 2020 460 2084 in
491 2021 720 2104 opusculorum
749 2017 1006 2104 Souppisuorum
1038 2040 1172 2104 corpore
1200 2017 1339 2084 (touredi
1366 2017 1509 2084 'Prieheri
1536 2019 1657 2103 pietate

425 2127 556 2192 condito
579 2131 611 2192 et
633 2127 814 2211 composito
837 2149 869 2210 p.
891 2125 962 2190 152.
1000 2125 1045 2191 Dt
1068 2127 1212 2191 ordinem
1236 2126 1365 2211 quidem
1389 2147 1538 2190 versuum
1560 2125 1600 2190 16
1625 2129 1658 2192 et

386 2262 413 2303 ιο
428 2230 470 2298 15
493 2255 512 2296 e
530 2230 673 2316 Seuppio
695 2233 908 2298 constitutum
927 2233 1086 2298 Zeoherus
1104 2233 1246 2314 retinuit,
1269 2234 1340 2317 ipse
1358 2233 1517 2298 sententie
1534 2237 1657 2298 utrum·

425 2361 488 2424 que
510 2339 718 2405 menifestum
740 2340 888 2424 faciente,
910 2345 976 2406 tom
1000 2362 1109 2405 versus
1135 2341 1176 2404 15
1200 2343 1232 2405 et
1258 2341 1297 2406 17

599 2444 671 2511 ἀλλ’
698 2443 769 2512 εἰπὲ
791 2453 931 2531 θαρρῶν

601 2552 672 2618 ἀλλ’
700 2554 762 2618 οὐκ
784 2551 835 2618 ἔνι
858 2578 915 2638 μοι
937 2555 975 2619 τὸ
999 2553 1117 2639 θρέττε

425 2681 460 2725 se
485 2659 575 2725 nullo
599 2661 767 2725 intervallo
791 2663 969 2745 excepisse,
997 2682 1094 2744 quem
1117 2683 1145 2726 v.
1166 2660 1207 2725 16
1231 2671 1301 2738 πῶς
1323 2659 1366 2726 άν
1389 2661 1432 2726 σύ
1454 2684 1511 2746 μοι
1534 2658 1660 2738 λέξειας

425 2766 568 2832 medium
587 2768 671 2832 iuter
688 2767 762 2832 illos
781 2768 888 2832 locum
906 2766 1025 2832 hebere
1038 2789 1103 2832 non
1117 2767 1274 2852 potuisee3
1293 2771 1326 2831 et
1339 2765 1426 2832 hunc
1440 2767 1660 2852 superioribus

426 2873 554 2939 adnecti
576 2879 689 2959 postes
713 2873 888 2940 docebitur.
925 2872 965 2938 In
988 2875 1102 2940 ceteris
1125 2895 1201 2940 vero
1221 2873 1380 2940 Zecherus
1399 2897 1418 2938 ο
1437 2873 1572 2959 Souppii
1590 2896 1661 2938 sen·

427 2983 529 3046 tentio
551 2981 681 3066 longius
704 2981 865 3064 discessit,
892 2981 1025 3067 Bergkii
1048 2981 1217 3066 Beeriique
1239 2981 1420 3047 rationibus
1442 2981 1601 3066 probetis,
1626 2981 1661 3046 iu

428 3087 546 3172 quibus
574 3092 649 3152 sunt
677 3109 759 3172 quoe
786 3088 879 3152 nobis
907 3088 1000 3153 uelde
1028 3087 1255 3174 improbabilia
1277 3089 1440 3172 videntiu,
1467 3087 1558 3154 velut
1580 3087 1661 3152 illud

427 3195 583 3280 primum,
606 3195 693 3280 quod
716 3193 936 3279 Demostheni,
963 3197 1055 3260 ouius
1078 3217 1118 3260 ne
1142 3196 1175 3260 in
1198 3195 1289 3261 libris
1314 3196 1443 3280 quidem
1465 3198 1554 3279 suut,
1580 3193 1661 3262 haee

388 3333 415 3377 ,ο
429 3301 468 3366 de
490 3322 584 3370 versu
605 3302 646 3366 14
669 3304 715 3385 μὰ
732 3302 792 3367 τὸν
812 3299 959 3368 Ἀπόλλω
975 3299 1036 3386 ’γὼ
1055 3297 1116 3384 μὲν
1135 3299 1214 3390 οὔ*)
1233 3301 1467 3387 adscribuntur,
1491 3323 1571 3387 quee
1591 3325 1660 3369 eam

429 3410 495 3473 vim
521 3408 699 3494 denegandi
722 3409 855 3493 hebent,
882 3409 997 3475 utrix
1021 3414 1093 3493 epte
1116 3410 1151 3475 in
1174 3408 1401 3475 Demosthenis
1425 3412 1572 3475 naturum
1596 3410 1663 3475 eui·

429 3516 601 3582 mosiorem
623 3516 780 3599 quadrare
799 3516 900 3602 dices3
922 3538 988 3581 non
1007 3518 1115 3581 minus
1134 3516 1197 3583 hoc
1215 3516 1361 3602 alterum,
1380 3516 1466 3600 quod
1486 3538 1568 3600 quae
1587 3522 1663 3581 sunt

429 3622 465 3689 iu
492 3643 587 3685 versu
612 3622 653 3685 13
669 3644 715 3707 sq.
743 3625 785 3687 σὺ
813 3624 874 3704 μὲν
902 3619 965 3689 οὖν
992 3647 1049 3707 μοι
1078 3623 1165 3706 λέγε,
1193 3624 1249 3688 ἵνα
1276 3626 1320 3708 μὴ
1347 3624 1513 3708 μάχωμαι,
1544 3623 1661 3707 quibus

429 3728 543 3797 Niciae
565 3749 683 3793 nomen
703 3730 886 3815 praefigunt
903 3732 982 3796 item
1001 3734 1128 3814 praeter
1145 3729 1295 3815 libros*)‚
1317 3731 1352 3795 iu
1370 3730 1467 3796 unius
1485 3730 1662 3795 sententies

429 3836 588 3903 ambitum
611 3838 696 3901 coire
719 3838 842 3901 volunt.
879 3836 942 3914 Qui
965 3836 1065 3921 enim,
1093 3838 1180 3921 quod
1203 3837 1310 3901 iussus
1333 3842 1382 3903 eet
1405 3836 1488 3923 ipse,
1512 3834 1585 3920 λέγε
1609 3837 1662 3920 σά,

519 4012 584 4082 ⁸20)
604 4011 643 4067 Cf.
660 4019 727 4067 1041
747 4009 826 4067 ταῦτ’
848 4008 926 4067 οἷσθ’
948 4009 963 4067 ὅ
981 4032 1008 4066 τι
1027 4010 1111 4082 λέγει,
1130 4016 1225 4067 ΔΗΜ.
1246 4011 1284 4081 μὰ
1298 4008 1348 4067 τὸν
1361 4009 1477 4067 Ἀπόλλω
1490 4007 1541 4083 ’γὼ
1555 4011 1607 4083 μὲν
1620 4012 1663 4079 οὔ,

430 4104 462 4156 et
484 4102 525 4155 sic
548 4102 674 4171 saepius,
696 4119 851 4170 numquam
869 4102 930 4157 sine
948 4101 988 4168 ri,
1013 4100 1090 4156 velut
1108 4102 1158 4157 Ar.
1178 4106 1238 4156 439.
1258 4107 1318 4157 26³.
1338 4100 1402 4155 Pec.
1424 4108 1465 4155 16.
1484 4100 1604 4155 Acheru.
1620 4106 1662 4157 69.

429 4190 543 4245 ‘I'hesun
558 4197 610 4245 269
630 4191 668 4261 μά
687 4189 736 4248 τὸν
751 4188 868 4246 Ἀπόλλω
888 4192 940 4247 ote
959 4189 994 4258 ἥν
1013 4210 1043 4259 γε
1062 4190 1099 4260 μὴ
1119 4190 1229 4261 ὀμόσῃς.

521 4280 585 4350 ⁸24)
604 4280 667 4335 Non
685 4281 779 4336 hercle
797 4280 918 4334 multum
936 4280 965 4333 iu
985 4280 1086 4333 heere
1106 4279 1240 4335 librorum
1260 4280 1423 4335 auctoritati
1437 4278 1596 4347 tribuimus,
1615 4279 1664 4349 qui

432 4384 518 4437 saepe
536 4370 611 4423 iuter
629 4385 659 4423 se
673 4370 822 4424 discedunt
836 4371 865 4423 et
878 4372 975 4439 operte
990 4368 1063 4423 feles
1078 4368 1167 4422 multe
1182 4368 1324 4437 exhibent
1338 4370 1387 4423 sed
1402 4368 1536 4423 tamensi
1551 4368 1664 4438 quondo

434 4474 498 4512 vero
517 4459 643 4526 hedum,
662 4474 696 4512 ee
711 4458 786 4512 ultro
802 4458 949 4527 depravari
962 4458 1108 4513 leudebile
1121 4476 1176 4512 non
1191 4460 1241 4513 eet.
1274 4460 1312 4511 At
1325 4458 1490 4528 plerumque
1504 4458 1589 4527 postu
1603 4458 1665 4527 ipse

434 4546 504 4600 sutis
523 4547 656 4616 providit,
674 4551 707 4601 nt
725 4547 844 4602 consilis
858 4564 910 4601 sus
923 4550 1000 4601 recte
1014 4550 1239 4618 agnoscerentur,
1258 4548 1342 4602 modo
1356 4547 1522 4617 interpreter
1537 4545 1665 4617 sesequi

433 4634 547 4690 vellent.
575 4636 662 4690 Velut
673 4654 698 4690 v.
711 4642 771 4701 146,
785 4639 817 4690 nt
830 4636 884 4691 hoo
897 4638 1019 4704 utemur,
1034 4653 1084 4691 uos
1098 4654 1154 4691 nou
1169 4636 1330 4691 dubitemus
1345 4637 1413 4705 quin
1423 4636 1472 4691 uni
1483 4634 1666 4692 Demostheni

434 4724 623 4779 »describendo
641 4724 700 4779 sint

694 4817 815 4883 ζητῶμεν
833 4814 927 4870 αὐτόν.
957 4812 1018 4869 ἀλλ’
1040 4814 1085 4870 ὁδὶ
1103 4814 1285 4887 προσέρχεται

685 4901 777 4971 ὥσπερ
797 4903 869 4957 κατὰ
887 4906 958 4959 θεὸν
976 4904 1017 4969 εἰς
1034 4904 1152 4975 ἀγοράν.
1181 4900 1202 4959 ot
1221 4904 1340 4975 μακάριε
1359 4906 1415 4959 ιιτλ.

434 5008 509 5061 ques
532 4991 672 5047 Zeoherus
700 5009 763 5046 cum
792 4992 875 5063 vulgo
900 4994 929 5047 in
951 4994 1021 5048 dues
1045 4994 1148 5048 dividit
1170 5010 1317 5063 personne,
1344 4996 1378 5048 ut
1400 4994 1436 5048 eb
1459 4990 1521 5048 ἀλλ’
1547 4990 1593 5049 tet
1616 4992 1667 5047 Ni·

434 5082 495 5137 oies
523 5097 678 5137 sermonem
706 5082 842 5151 excipiet,
870 5100 934 5137 cum
961 5084 1091 5153 apertum
1117 5084 1155 5137 sit
1177 5082 1393 5138 Demosthenem
1418 5082 1472 5137 sibi
1497 5082 1591 5153 ipsum
1614 5082 1667 5137 hoo

436 5171 571 5228 obiicere:
593 5172 772 5240 ‘quaeremus
795 5188 866 5225 eum.
892 5171 947 5225 Sed
969 5173 1039 5241 quid
1062 5179 1213 5242 qussrere?
1236 5190 1271 5228 eu
1294 5172 1356 5242 ipse
1376 5172 1487 5227 secedit
1509 5170 1665 5227 divinitus?

437 5259 477 5315 cf.
497 5260 567 5314 Rau.
589 5264 657 5314 13⁰4
681 5260 818 5331 ἐνεγκάτω
843 5282 884 5325 τις
901 5262 932 5316 rb
951 5262 1054 5329 λύριον.
1074 5260 1167 5317 καίτοι
1185 5260 1212 5316 τί
1230 5266 1274 5318 δεῖ
1291 5262 1377 5329 λύρας
1395 5262 1441 5316 ee
1458 5270 1572 5329 τοῦτοτγ
1592 5259 1666 5317 Deci.

436 5354 489 5405 9³8
499 5369 540 5420 sq.
554 5349 630 5404 Vols.
