3925 6675
493 1101 791 1154 osssmvffloruss
811 1101 979 1151 CRITICAE
998 1101 1036 1151 IN
1056 1099 1256 1151 SOPHOCLIS
1274 1099 1477 1150 ELECTRAM.
1535 1095 1598 1159 165

361 1262 544 1327 studiosius
565 1262 830 1346 pertemptarent
848 1263 1050 1345 maximeque
1069 1283 1132 1344 qua
1151 1283 1185 1325 re
1204 1283 1224 1323 a
1243 1259 1424 1326 Germanici
1443 1260 1599 1325 sermonis

361 1391 453 1434 more
477 1369 642 1434 discedant
666 1369 846 1433 attenderit.
888 1368 1062 1452 Euripides
1085 1367 1251 1433 Phoeniss.
1271 1368 1315 1430 46

899 1476 943 1551 ὡς
967 1473 997 1539 θ’
1025 1474 1171 1559 ἐπεζάρει

527 1580 637 1667 Σφὶγξ
661 1581 841 1666 ἁρπαγαῖσι
864 1585 978 1663 πόλιν,
1003 1580 1094 1662 ἐμός
1116 1581 1144 1646 τ’
1172 1582 1242 1646 οὐκ
1266 1576 1313 1664 ἦν
1335 1583 1466 1661 πόσις,

525 1688 646 1772 Κρέων
669 1689 813 1772 ἀδελφὸς
835 1688 921 1772 τάμά
944 1689 1102 1773 κηρύσσει
1126 1687 1202 1773 λέχη

364 1796 419 1860 sed
442 1795 563 1861 ibidem
586 1819 615 1861 v.
635 1795 678 1860 36

839 1904 943 1979 Λάιός
965 1900 1015 1986 θ’,
1038 1903 1139 1985 οὑμὸς
1162 1906 1273 1984 πόσις,

525 2013 585 2075 τὸν
609 2008 786 2074 ἐκτεθέντα
809 2010 913 2074 παῖδα
935 2011 1110 2094 μαστεύων
1132 2015 1269 2094 μαθεῖν,

526 2119 560 2182 εἰ
581 2115 710 2200 μηκέτ’
736 2122 804 2200 εἰη.
1341 2101 1342 2105 ¹

373 2221 489 2288 Helena
508 2224 573 2289 686

527 2334 595 2395 ΕΑ.
642 2330 713 2395 οὐκ
735 2327 846 2394 ἔστιν
867 2331 1006 2415 μάτηρ·
1030 2330 1190 2414 ἀγχόνιον
1214 2334 1339 2414 βρόχον

642 2435 693 2502 δι’
715 2434 771 2521 ἐμὲ
794 2438 995 2520 κατεδήσατο
1019 2438 1188 2520 δύσγαμος
1212 2439 1362 2523 αἰσχύνᾳ.

525 2547 602 2609 ΜΕ
640 2545 736 2627 ὤμοι·
760 2545 930 2627 θυγατρὸς
953 2543 983 2610 θ’
1008 2541 1214 2628 Ἑρμιόνης
1237 2541 1347 2609 ἔστιν
1370 2547 1470 2628 βίος;

385 2645 417 2712 In
435 2648 597 2734 Sophoclis
619 2649 751 2715 Electra
773 2652 845 2735 ipsa
868 2650 934 2714 822

820 2758 864 2834 ὡς
887 2759 981 2842 χάρις
1003 2754 1065 2840 μὲν
1087 2757 1130 2841 ἢν
1153 2758 1270 2843 κτάνῃ,

524 2867 611 2948 λύπη
636 2863 665 2929 θ’
693 2864 752 2929 ἐάν
774 2868 831 2944 ζῶ·
854 2873 923 2929 τοῦ
946 2867 1036 2947 βίου
1061 2862 1091 2928 δ’
1119 2862 1254 2940 οὐδεὶς
1275 2867 1403 2940 πόθος

392 2965 449 3032 ba.
468 2981 524 3036 τοῦ
546 2975 626 3055 βίου
649 2971 761 3037 οὐκέτι
778 2974 897 3050 πόθος,
920 2974 953 3034 et
970 2975 1099 3055 poterat
1118 2970 1180 3035 hoc
1198 2993 1300 3034 unum
1320 2971 1502 3054 exemplum
1522 2971 1599 3035 Mei-

394 3075 496 3143 nerium
523 3081 551 3144 si
579 3079 768 3143 attendisset
795 3078 835 3142 ab
864 3077 1061 3142 emendando
1089 3079 1191 3143 altero
1219 3079 1364 3142 retinere.
1409 3077 1508 3142 Porro
1533 3078 1598 3142 876

523 3189 633 3251 πόθεν
656 3185 693 3250 δ’
709 3184 758 3250 ’ἂν
782 3184 893 3266 εὕροις
916 3194 984 3247 τῶν
1007 3181 1097 3268 ἐμῶν
1121 3188 1162 3248 σὺ
1186 3184 1344 3267 πημάτων

523 3291 654 3380 ἄρηξιν,
677 3282 727 3369 οἷς
751 3292 842 3357 ἴασιν
865 3291 927 3357 οὐκ
950 3288 1055 3356 ἔνεστ’
1084 3292 1178 3356 ἰόεῑν.
1613 3314 1640 3354 ao

397 3390 461 3468 θῦεν
478 3401 551 3485 quis
573 3399 656 3464 hanc
678 3400 744 3463 vim
767 3398 889 3463 habent
912 3397 985 3479 ‘fair
1008 3398 1059 3462 die
1081 3398 1166 3462 αι’άιό
1183 3398 1324 3479 Ηοάαπγ
1347 3399 1433 3463 mdia
1455 3421 1495 3464 πα
1513 3400 1598 3464 sebu’

323 3547 324 3563 ι
397 3506 512 3570 cutim
534 3506 696 3588 advolant,
718 3502 763 3569 ἔτ’
791 3502 857 3570 ἔστ’
886 3504 1116 3585 coniectantes,
1145 3505 1236 3570 cuius
1260 3507 1438 3589 scripturae
1461 3507 1599 3591 vestigia

323 3591 326 3612 ’
398 3612 520 3686 quaedam
547 3615 610 3677 iam
639 3613 673 3677 in
706 3612 871 3677 codicibus
899 3633 1051 3695 expressa
1079 3617 1168 3696 sumt,
1197 3612 1314 3696 quibus
1338 3612 1421 3676 nihil
1444 3613 1600 3696 probatur

398 3712 441 3778 niti
465 3720 522 3785 iam
551 3720 629 3785 olim
657 3720 758 3784 fnisse
786 3720 841 3803 qui
869 3716 917 3783 ἔτι
947 3719 979 3782 in
1008 3718 1069 3783 hac
1097 3720 1256 3783 sententia
1284 3718 1508 3784 desiderarent
1555 3720 1599 3783 Et

400 3837 455 3899 quse
474 3826 535 3891 925
557 3827 711 3913 leguntur

522 3934 701 4017 τέθνηκεν,
724 3930 750 3998 ὦ
774 3932 928 4017 τάλαινα,
951 3932 1106 3997 τάκείνου
1130 3933 1170 3997 δέ
1191 3950 1244 3998 σοι

523 4039 655 4124 σωτήρι’
683 4037 786 4125 ἔρρει·
810 4036 933 4122 μηδὲν
956 4038 990 4116 ἐς
1012 4042 1125 4104 κεῖνόν
1148 4035 1177 4121 γ’
1206 4039 1268 4123 ὅρα

368 4139 515 4217 liquerim
541 4149 589 4212 sic
615 4146 776 4211 reddenda
804 4152 880 4211 sunt
909 4146 1005 4211 ‘niem
1033 4143 1111 4211 blek
1135 4148 1199 4228 auf
1210 4148 1304 4229 jessen
1327 4146 1434 4230 πόμ’,
1457 4168 1523 4211 non
1547 4146 1599 4211 de-

401 4239 500 4318 ffltrunt
535 4259 616 4341 (tres
652 4258 818 4319 enumerat
849 4252 1016 4318 Michaelis
1049 4252 1231 4339 diligentia)
1265 4254 1320 4337 qui
1352 4252 1469 4337 μηκέτ’
1501 4253 1599 4319 scribi

399 4344 558 4448 iubesne),
600 4359 725 4437 Quibus
753 4383 791 4425 eo
820 4362 927 4425 minus
954 4359 1050 4424 fidem
1079 4359 1247 4443 habemus,
1276 4360 1351 4443 quia
1374 4360 1425 4422 vel
1448 4359 1499 4424 his
1522 4383 1599 4445 pan·
1613 4383 1639 4423 so

399 4458 454 4525 eulis
475 4467 627 4553 exemplis
657 4468 814 4546 videmus,
847 4468 934 4552 quod
961 4468 1109 4552 piurimis
1137 4469 1287 4553 cognosci
1317 4472 1437 4551 potest,
1470 4469 1598 4534 criticos

398 4559 456 4631 ”ihil
479 4575 539 4639 nisi
571 4574 762 4638 emendandi
794 4575 993 4639 occasionem
1023 4579 1175 4638 venantes
1204 4596 1286 4657 quae
1314 4573 1408 4638 facile
1437 4575 1598 4639 emendari

398 4680 500 4743 nant
530 4682 712 4763 emendare,
749 4704 830 4765 quae
862 4704 928 4746 non
959 4685 1110 4765 possunt,
1148 4682 1294 4764 quamvis
1327 4680 1491 4745 simillima
1524 4683 1597 4763 sint,

399 4785 620 4853 marmium
642 4808 780 4852 securos.

461 4890 485 4955 5.
506 4893 594 4960 Haec
612 4894 787 4959 levidensis
801 4900 876 4959 sunt
890 4894 1075 4959 admodum:
1094 4896 1190 4977 paulo
1205 4895 1342 4959 fortasse
1357 4896 1505 4979 graviora
1518 4894 1597 4958 haec

401 4998 457 5063 ΨΜ
476 4998 621 5086 deinceps
644 5000 880 5086 disputabimus
903 5001 941 5065 de
964 5002 1071 5067 verbis
1094 5002 1233 5065 multum
1258 5002 1387 5084 quidem
1411 5001 1596 5083 disceptatis

401 5098 500 5171 necdum
522 5108 562 5173 ad
584 5107 786 5192 probabilem
810 5110 968 5174 rationem
991 5110 1148 5173 revocatis
1173 5131 1254 5192 quae
1278 5109 1311 5171 in
1335 5108 1463 5172 Electra
1482 5130 1509 5169 v.
1532 5106 1593 5168 797

402 5189 577 5225 N...

462 5260 516 5335 ⁸³0)
533 5265 630 5337 [Apud
649 5266 867 5334 Aristophanem
891 5283 1002 5335 quoque
1022 5266 1068 5319 hic
1087 5266 1147 5319 illic
1167 5265 1211 5335 (cf.
1227 5264 1321 5332 Equit.
1338 5270 1402 5331 6993
1427 5263 1594 5331 Thesmoph.

405 5333 447 5409 ῃὅ)
463 5348 494 5405 ἔτι
513 5353 672 5424 particulae
694 5357 806 5423 praeter
829 5353 915 5409 libros
940 5358 968 5409 et
986 5357 1098 5424 praeter
1117 5355 1315 5410 necessitatem
1334 5354 1427 5407 locum
1447 5352 1594 5422 fecerunt]
