3925 6675
409 1071 476 1137 214
623 1075 722 1127 XLIII.
741 1074 856 1125 mnux
875 1074 1090 1127 LEGTIONUM
1107 1074 1339 1127 AESTIVARUM
1360 1078 1435 1129 lese.

405 1256 465 1299 nos
491 1235 627 1299 faoimus
654 1256 728 1300 enm
749 1232 894 1301 Usenero
922 1256 1025 1320 eoque
1050 1234 1106 1320 qui
1129 1234 1220 1301 illum
1244 1241 1373 1302 aeeutus
1396 1242 1459 1322 est,
1486 1236 1574 1322 quod
1597 1237 1641 1303 ad

405 1341 566 1407 τεθνάναι
589 1340 671 1406 nihil
694 1342 768 1407 addi
791 1342 970 1408 voluerunt.
1004 1340 1088 1418 Quid
1107 1364 1184 1428 ergo
1203 1342 1273 1407 est?
1305 1341 1415 1409 Unum
1434 1348 1534 1409 restat
1551 1343 1639 1429 qnod

406 1453 592 1534 quaeratur,
618 1448 757 1535 ὁᾳδίῶς,
784 1450 812 1514 si
840 1471 950 1514 verum
978 1452 1028 1513 est
1051 1470 1111 1515 nee
1134 1448 1264 1515 aliunde
1286 1448 1483 1535 adscriptum
1507 1456 1563 1517 ant
1586 1452 1639 1517 de·

405 1560 583 1642 praeatum,
607 1556 790 1640 potueritne
808 1556 850 1621 ad
867 1578 937 1621 eam
956 1577 1068 1622 vooem
1086 1557 1257 1641 pertinere,
1279 1558 1332 1623 eni
1350 1557 1496 1642 proxime
1514 1556 1640 1624 adieota

405 1668 463 1748 est,
485 1667 661 1747 μελετῶσα.
692 1661 740 1728 Ut
762 1663 847 1728 enim
869 1683 911 1727 ne
933 1662 1011 1729 huio
1033 1663 1161 1747 quidem
1185 1668 1254 1729 erat
1277 1664 1364 1748 quod
1387 1665 1567 1729 neeessario
1585 1664 1639 1729 ed-

406 1771 542 1855 deretur,
560 1770 606 1834 ita
623 1773 710 1834 reete
728 1769 925 1854 et‘apposite
943 1769 1008 1837 diei
1027 1771 1133 1835 anima
1151 1774 1279 1855 poterat
1296 1770 1385 1836 illam
1398 1770 1640 1837 meditationem

405 1877 518 1943 mortis
537 1876 659 1962 ὁᾳδίως
672 1897 829 1959 exercere,
847 1875 910 1943 hoo
923 1880 974 1941 est
987 1898 1053 1941 non
1067 1877 1299 1961 ἀγανακτοῦσα
1313 1898 1417 1961 neque
1432 1900 1503 1943 oum
1518 1899 1641 1963 angore

405 1988 461 2048 aut
482 1983 716 2069 indignation03
738 1984 890 2049 θάνατον
908 1983 993 2049 enim
1013 1984 1119 2069 ipsum
1138 1987 1171 2049 et
1188 1985 1350 2050 τεθνάναι
1369 2006 1451 2069 quae
1469 2006 1536 2049 non
1554 2004 1643 2049 vere

405 2096 460 2155 tur
481 2095 538 2155 sut
559 2089 682 2176 refugit
704 2090 760 2155 sed
782 2090 930 2157 ardenter
952 2090 1161 2176 oonoupisoit,
1184 2090 1262 2175 quid
1285 2091 1401 2157 mirum
1424 2090 1512 2175 quod
1528 2092 1560 2156 ei
1577 2092 1642 2157 ista

366 2220 393 2260 ιο
406 2196 537 2282 μελέτη,
570 2219 652 2281 quae
683 2202 734 2262 est
763 2196 880 2282 μελέτη
912 2198 1077 2279 θανάτου,
1109 2196 1193 2263 nihil
1219 2196 1386 2263 molestiae
1413 2202 1470 2263 ant
1496 2199 1641 2284 aegroris

405 2303 508 2388 affert,
530 2306 610 2389 quin
633 2303 673 2369 ad
696 2326 766 2369 eam
784 2302 901 2369 lubens
919 2326 956 2369 ae
973 2303 1076 2369 libera
1093 2303 1265 2369 incumbat.
1302 2303 1352 2369 lta
1370 2304 1557 2390 philosophi
1576 2304 1639 2389 ipsi

407 2412 557 2477 dieuntm
579 2410 724 2497 ῥᾳδίως
742 2410 784 2476 ἀν
802 2410 933 2477 ἐθέλειν
954 2408 1184 2498 ἀποθνῄσκειν
1202 2410 1353 2499 (13,16),
1371 2412 1424 2477 oui
1443 2412 1639 2479 eontrarium

405 2522 456 2583 est
476 2516 676 2603 ἀγανακτεῖν
698 2514 975 2604 ἀποθνῄσκοντας
993 2516 1061 2605 (14,
1075 2516 1125 2606 9);
1148 2522 1181 2583 et
1204 2517 1291 2603 qnod
1313 2518 1353 2583 de
1376 2518 1488 2584 iisdem
1507 2520 1641 2603 ponitur

405 2627 525 2710 ἀνδρες
553 2622 655 2708 σοφοὶ
682 2625 727 2702 ὡς
754 2624 884 2709 ἀληθῶς
907 2625 1069 2703 δεσπότας
1092 2623 1248 2707 ἀμείνους
1271 2624 1382 2691 αὑτῶν
1404 2626 1561 2708 φεύγοιεν
1584 2620 1640 2691 καί

405 2733 551 2818 ῥᾳδίως
578 2731 840 2797 ἀπαλλάττοιντο
867 2732 980 2798 αὐτῶν
1007 2729 1080 2819 (14,
1106 2730 1161 2819 ll)
1189 2734 1245 2796 aut
1273 2730 1393 2795 ibidem
1421 2729 1573 2818 (14,19)
1601 2728 1642 2795 δε

406 2838 538 2905 Socrate
566 2840 639 2924 ipso
667 2838 719 2903 ὅτι
746 2838 832 2905 οὕτω
861 2839 1006 2924 ῥᾳδίως
1034 2838 1147 2925 φέρεις
1173 2836 1228 2904 καὶ
1257 2838 1340 2923 ἡμᾶς
1368 2838 1558 2904 ἀπολείπων
1584 2836 1639 2903 καὶ

405 2949 568 3031 ἄρχοντας
597 2946 763 3029 ἀγαθούς,
790 2944 956 3029 multaque
985 2944 1103 3011 similis
1130 2950 1267 3029 possunt
1295 2944 1410 3011 dooere
1438 2944 1561 3031 ῥᾳδίοις
1587 2944 1641 3031 agi

407 3054 480 3137 diei,
503 3053 589 3137 qnod
618 3052 690 3137 quis
712 3052 853 3117 libenter
875 3074 913 3118 ao
935 3074 1001 3118 non
1024 3050 1146 3117 inritus
1168 3051 1305 3136 ideoque
1327 3051 1422 3117 facile
1445 3055 1587 3117 seotatur
1608 3056 1643 3117 et
1663 3061 1701 3116 is

406 3160 515 3226 efficit.
551 3159 605 3225 An
622 3164 774 3244 putamus
793 3159 932 3224 animam
951 3159 1058 3224 minus
1077 3162 1164 3225 reete
1183 3158 1306 3245 ῥᾳδίοις
1323 3163 1464 3242 μελετᾶν
1482 3180 1579 3242 quam
1596 3160 1641 3243 μὴ

367 3286 394 3327 ιο
407 3271 557 3353 χαλεπῶς
577 3266 767 3350 μανθάνειν
784 3264 960 3354 (Πολιτείᾳ
977 3265 1100 3352 p.364‚
1116 3263 1172 3347 11)
1192 3264 1255 3330 dioi
1274 3265 1440 3351 potuisse?
1462 3262 1576 3350 Itaque
1594 3266 1643 3331 sio

405 3375 565 3440 rationem
588 3372 817 3456 eonoludimus,
840 3373 927 3458 qnod
950 3373 1223 3459 simplicissimum
1247 3377 1316 3438 erat
1339 3373 1372 3437 id
1395 3374 1493 3438 etium
1515 3373 1642 3438 verissi-

406 3504 494 3548 mum
513 3503 582 3546 esse
599 3479 793 3563 habendum,
811 3480 934 3566 ῥᾳδίως
950 3501 1012 3548 nee
1029 3479 1243 3546 abiieiendnm
1262 3501 1321 3545 neo
1340 3479 1527 3544 mutandum
1542 3479 1642 3546 inisse

408 3590 464 3655 sed
492 3609 565 3654 eum
592 3593 759 3670 μελετῶσα
786 3588 993 3654 coniunctum
1020 3586 1055 3652 id
1078 3587 1190 3652 afferre
1214 3587 1391 3652 sententiae
1415 3586 1502 3671 quod
1525 3587 1553 3651 si
1576 3607 1642 3652 non

407 3694 588 3762 neeessario
615 3698 650 3758 at
674 3689 799 3759 htiliter
820 3693 894 3759 addi
917 3698 1046 3779 poterat
1067 3698 1100 3758 et
1122 3693 1251 3780 egregie
1274 3694 1315 3758 ad
1336 3697 1477 3758 mentem
1500 3691 1642 3758 Sooretis

410 3802 515 3869 faeere
533 3799 668 3866 videtur.
702 3799 791 3865 Haeo
808 3805 916 3866 autem
935 3823 1032 3886 quam
1051 3799 1190 3885 amplexi
1208 3822 1319 3866 sumus
1337 3803 1370 3864 et
1388 3799 1487 3866 tutati
1505 3799 1642 3865 Massilii

407 3909 514 3976 Fioini
541 3912 590 3973 est
617 3908 790 3993 senteutia;
817 3909 874 3992 qni
899 3907 987 3992 quod
1009 3906 1107 3972 verba
1129 3906 1275 3972 Platonis
1299 3908 1345 3972 ita
1367 3905 1506 3972 reddidit
1528 3905 1643 3971 Latine

407 4017 491 4100 ραοά
506 4015 590 4081 aito
607 4021 651 4081 est
667 4014 760 4080 aliod
775 4036 871 4096 ηαανι
888 4020 966 4080 recte
977 4014 1197 4097 philosophari
1214 4021 1400 4097 νιοιττνιριιι
1416 4033 1451 4078 re
1463 4034 1537 4080 veru
1548 4013 1645 4096 focile

407 4124 617 4205 ammoneri,
640 4126 673 4187 et
695 4123 857 4188 τεθνάναι
879 4125 976 4204 reete,
998 4142 1063 4186 non
1087 4142 1184 4206 prave
1208 4121 1330 4205 aceepit
1353 4141 1412 4186 neo
1435 4119 1559 4208 ῥᾳδίοις
1580 4119 1642 4184 nisi

408 4252 481 4297 oum
512 4233 679 4315 μελετῶσα
709 4228 862 4316 coniungi
890 4227 1002 4293 voluit.
1044 4225 1107 4293 Sed
1135 4248 1204 4293 eam
1233 4227 1545 4312 interpretationem,
1576 4247 1642 4292 non

368 4355 395 4396 ιο
408 4338 505 4404 nimis
532 4336 645 4401 soitam
672 4334 808 4401 fortasse
834 4334 890 4400 sed
919 4356 1001 4419 quae
1028 4335 1220 4400 sententiam
1243 4333 1338 4418 plene
1361 4333 1534 4400 admodum
1557 4337 1644 4418 pate·

408 4443 520 4525 faeiat,
551 4443 631 4508 adeo
658 4464 731 4507 enm
758 4445 947 4526 contemptu
973 4441 1086 4506 reieoit
1113 4439 1275 4506 Usenerus
1303 4444 1341 4505 ut
1367 4462 1434 4506 uon
1461 4440 1530 4506 sine
1558 4461 1645 4506 rere-

411 4549 526 4616 oundia
549 4549 687 4634 quadam
710 4569 779 4614 eam
802 4547 994 4614 defensitare
1013 4547 1261 4632 instituerimus3
1284 4569 1320 4612 ao
1341 4569 1382 4613 ne
1400 4567 1487 4613 nune
1505 4545 1644 4632 quidem,

409 4662 620 4743 posteaquam
648 4657 791 4740 σμικρὸν
818 4655 1057 4741 φροντίσαντες
1086 4655 1301 4738 Σωκράτους,
1334 4663 1392 4737 τῆς
1419 4655 1456 4720 δὲ
1484 4652 1644 4738 ἀληθείας

410 4767 497 4831 πολὺ
515 4768 643 4846 μᾶλλον
661 4762 878 4828 defensionem
896 4766 1041 4827 nostram
1060 4761 1101 4826 ad
1120 4762 1216 4827 finem
1234 4761 1452 4846 perduximus,
1471 4782 1536 4826 non
1558 4781 1643 4826 rere·

410 4893 490 4952 mur,
512 4892 554 4936 ne
575 4869 617 4935 ab
640 4869 698 4934 illo
721 4872 754 4933 et
776 4868 817 4933 ab
840 4867 912 4933 aliis
936 4867 1040 4934 doetis
1060 4866 1143 4933 nihil
1162 4868 1265 4954 egisse
1284 4872 1317 4934 et
1335 4889 1408 4934 oum
1429 4867 1540 4934 Fieino
1560 4865 1644 4954 lapsi

410 4999 480 5043 ease
503 4976 730 5043 existimemur.
763 4974 861 5040 ’Λλλά
884 4983 988 5039 ταῦτα
1010 4975 1071 5060 μὲν
1094 4976 1147 5058 δή,
1170 4974 1234 5065 ὅπη
1257 4981 1303 5063 τῷ
1320 4981 1391 5063 θεῷ
1405 4976 1517 5060 φίλον,
1541 4975 1644 5058 ταύτῃ

411 5083 509 5170 ἐχέτω
528 5081 632 5148 τεκαὶ
647 5080 805 5165 λεγέσθω.
836 5079 870 5147 Ν
870 5079 941 5147 obis
956 5081 1101 5163 situatis,
1116 5081 1144 5146 si
1157 5081 1208 5146 his
1224 5083 1393 5148 sententiis
1408 5081 1487 5166 ipsis
1501 5079 1645 5147 Sooratis

411 5193 458 5258 sio
480 5193 529 5256 nti
551 5191 715 5276 potuimus
739 5188 920 5274 explanatis
941 5189 983 5253 iis
1002 5188 1030 5252 si
1053 5187 1109 5270 qni
1128 5187 1206 5252 haee
1223 5189 1332 5275 legent
1351 5186 1474 5273 aliquid
1492 5185 1645 5254 utilitatis

412 5303 468 5362 aut
481 5295 690 5362 iucunditatis
705 5295 851 5360 attulisse
865 5295 1074 5360 oensebimur.
1103 5291 1169 5359 Ser.
1180 5318 1219 5358 m.
1230 5293 1400 5362 Deoembri
1409 5316 1435 5360 a.
1447 5309 1647 5359 Μουσαῖον.
