3925 6675
692 1146 742 1195 on
761 1145 1024 1197 umeropnuurs
1042 1147 1245 1208 noeumane.
1518 1146 1583 1209 287

403 1299 439 1365 bb
485 1307 628 1387 ΔΗ.μά
651 1303 711 1371 Δι’
736 1304 807 1371 ἀλλ’
835 1306 981 1391 ἄκρατον
1004 1299 1099 1372 οἶνον
1122 1305 1255 1390 ἀγαθοῦ
1279 1309 1447 1391 δαίμονος,

348 1416 375 1472 ll
584 1419 663 1490 ἴσως
686 1415 749 1497 γὰρ
772 1411 816 1479 ἀν
837 1416 981 1497 χρηστόν
1004 1437 1035 1477 τι
1058 1415 1338 1497 βουλευσαίμεθα.

501 1524 557 1585 NI.
581 1521 658 1585 ἰδού
681 1518 719 1604 γ’
741 1522 899 1603 ἄκρατον·
923 1521 999 1603 περὶ
1022 1529 1127 1584 τιοτοῦ
1152 1530 1249 1602 γοῦν
1272 1520 1344 1586 ἐστι’
1365 1538 1426 1586 σοι.

583 1638 652 1703 πῶς
675 1625 706 1692 δ’
733 1625 777 1691 ἀν
798 1627 937 1711 μεθύων
960 1629 1104 1711 χρηστόν
1127 1651 1158 1691 τι
1182 1627 1389 1708 βουλεύσαιτ’
1418 1627 1512 1711 ἀνήρ.

339 1718 340 1747 l
397 1724 502 1802 Quorum
518 1756 624 1800 uersus
644 1738 799 1819 quattuor
816 1734 960 1817 extremi,
980 1735 1027 1798 sic
1045 1734 1158 1817 scripti
1178 1735 1211 1797 in
1231 1734 1322 1798 libris
1342 1733 1430 1819 (nam
1445 1735 1485 1798 ad
1500 1744 1585 1816 γοῦν

339 1846 342 1939 l
397 1836 542 1916 periculam
568 1845 720 1926 putamus
748 1840 852 1906 redire
880 1863 962 1925 quae
990 1842 1023 1904 in
1052 1863 1089 1904 ea
1116 1863 1194 1906 uoce
1222 1842 1308 1905 reric
1331 1847 1461 1906 exarata
1484 1839 1584 1925 sunt),

339 1972 341 2041 f
397 1938 454 2004 llud
467 1949 643 2033 suspicionis
662 1952 832 2012 moverunt
850 1953 923 2013 ante
942 1947 1149 2031 Meinelrium,
1168 1948 1272 2031 quiin
1285 1947 1445 2014 Vindiciis
1459 1947 1584 2014 Aristo-

339 2052 342 2107 !
397 2044 494 2126 plancis
517 2078 543 2139 p.
562 2054 604 2119 51
634 2055 773 2139 primum
802 2064 887 2138 γοῦν
914 2055 1107 2139 particulam
1135 2054 1349 2138 addubitavit,
1376 2056 1451 2136 ιιερί
1480 2058 1584 2120 πότον

339 2140 340 2161 i
397 2162 454 2230 Μῦς
472 2157 526 2243 (uel
548 2160 628 2247 νῦν)
656 2163 812 2247 scriptum
840 2162 939 2226 fuisse
967 2163 1162 2246 suspicatus3
1190 2161 1264 2226 dein
1291 2161 1351 2226 hos
1378 2184 1490 2227 versus
1518 2184 1584 2227 nou

396 2278 436 2323 suo
452 2266 543 2333 ordine
566 2269 632 2354 legi
655 2270 807 2353 opinatus
831 2269 877 2332 eic
900 2269 985 2333 inter
1008 2269 1087 2333 duas
1110 2290 1264 2353 personas
1288 2269 1454 2334 distribuit
1598 2297 1625 2337 ιο

425 2365 456 2432 35
490 2380 557 2441 ΔΗ.
581 2377 627 2458 pot
649 2375 704 2441 Ae
733 2374 804 2441 ἀλλ’
831 2378 977 2457 ἄκρατον
1000 2369 1096 2442 οἶνον
1119 2374 1252 2457 ἀγαθοῦ
1277 2376 1442 2457 δαίμονος.

425 2472 454 2536 dl
500 2486 558 2548 NI.
582 2484 660 2548 ἰδού
682 2480 714 2566 γ’
741 2484 900 2567 ἄκρατον·
923 2480 998 2566 περὶ
1022 2485 1149 2548 πότον
1171 2491 1266 2560 νοῦς
1290 2481 1361 2548 ἐστί
1382 2501 1450 2561 σοι;

425 2578 455 2644 86
489 2594 557 2655 ΛΗ.
582 2596 662 2666 ἴσως
684 2592 748 2672 γὰρ
771 2588 815 2654 ἀν
837 2592 982 2674 χρηστόν
1005 2613 1036 2654 τι
1059 2588 1370 2673 βουλευσαίμεθ’
1398 2591 1454 2654 ἀν.

425 2685 455 2750 38
500 2700 556 2761 NI.
580 2708 650 2773 πῶς
673 2695 704 2761 δ’
730 2695 774 2761 ἀν
795 2697 934 2779 μεθύων
957 2699 1102 2780 χρηστόν
1125 2721 1155 2760 τι
1179 2695 1395 2779 βουλεύσαιτ’
1418 2697 1510 2780 ἀνήρ.

395 2811 491 2880 esuque
513 2804 742 2887 coniecturam,
769 2825 832 2888 qua
859 2825 900 2867 ne
928 2803 997 2887 ipse
1023 2803 1152 2886 quidem
1176 2825 1253 2866 urus
1277 2808 1326 2867 est
1348 2803 1434 2867 edito
1458 2804 1584 2869 Aristo·

395 2896 475 2989 ΡΜ,
489 2931 554 2976 cum
574 2910 702 2976 Koolrio
716 2909 874 2974 Velseuus
893 2914 925 2974 ct
939 2908 1099 2974 Zachcrus
1118 2911 1325 2994 arripuerunt
1343 2913 1473 2994 suisque
1491 2910 1583 2975 libris

394 3007 515 3094 tunquam
545 3040 613 3081 reru
647 3021 765 3083 certam
794 3021 1022 3103 propagarunt.
1062 3015 1132 3092 Quo
1161 3017 1264 3103 magis
1291 3017 1370 3081 utile
1399 3019 1473 3100 erit,
1505 3016 1583 3081 haec

395 3130 450 3193 lule
472 3144 523 3188 nos
553 3145 620 3190 uon
651 3145 824 3224 possumus
853 3145 920 3189 non
947 3125 1117 3188 temeraria
1143 3125 1239 3208 plane
1266 3129 1299 3188 et
1325 3125 1407 3188 falsa
1434 3123 1582 3207 iudicare,

394 3231 602 3304 ⁸lffuureutando
644 3232 840 3296 convincere.
887 3229 1088 3315 Quamquam
1129 3230 1261 3295 difficile
1300 3236 1350 3294 est
1387 3232 1583 3314 convincere,

393 3344 488 3407 ll⁰mm
513 3359 626 3404 causas
648 3338 755 3403 nullas
777 3338 899 3403 adlatas
922 3339 1044 3423 uideas,
1070 3342 1107 3401 ut
1129 3339 1176 3403 nil
1200 3340 1262 3403 nisi
1286 3339 1454 3403 arbitrium
1479 3340 1583 3404 critici
1596 3366 1624 3406 ιο

392 3452 571 3520 losslltlscatur.
616 3444 679 3511 Sed
711 3446 907 3511 Meinelrium
940 3445 1070 3529 quidem
1105 3445 1167 3510 sibi
1200 3450 1347 3511 constare
1380 3446 1583 3531 intelligitur,

391 3546 449 3622 llud
465 3552 494 3618 in
515 3575 553 3619 eo
578 3553 691 3619 ordine
714 3553 871 3618 sermonis
895 3575 990 3636 quem
1013 3554 1140 3617 restitui
1161 3552 1264 3636 iussit,
1287 3563 1373 3635 γοῦν
1390 3552 1582 3637 particulam

390 3660 589 3726 nuclearis
612 3661 668 3725 sed
690 3662 760 3725 eius
782 3660 854 3725 loco
877 3659 928 3723 vel
946 3668 1028 3736 νοῦς
1046 3660 1099 3723 vel
1117 3669 1181 3723 νῦν
1201 3659 1403 3725 scribendum
1423 3681 1492 3724 esse
1511 3680 1583 3724 oen-

389 3757 438 3826 llll
465 3764 563 3834 Ceteri
592 3770 649 3852 qui
676 3790 696 3831 a
718 3766 881 3832 Meinelrio
903 3767 1073 3851 probatam
1096 3768 1211 3831 seriem
1235 3788 1385 3831 versuum
1410 3767 1582 3849 accipiunt,

388 3878 435 3932 ‘¹¹1⁰
453 3883 529 3954 γοῦν
551 3877 721 3957 retineant,
743 3895 802 3938 nec
824 3874 887 3939 hoc
909 3873 1071 3957 explicare
1089 3878 1251 3958 poterunt,
1274 3896 1378 3957 neque
1397 3873 1582 3958 quidquam,

387 3976 509 4065 nunus,
526 3982 682 4065 efficiunt,
701 3980 788 4065 quod
807 3980 838 4065 γ’
860 3977 923 4047 οὖν
941 3985 1108 4045 exarantes
1128 3982 1157 4045 ei
1175 3983 1283 4045 nescio
1304 4002 1400 4063 quam
1418 3979 1581 4063 propriam

387 4074 617 4163 deificationem
640 4088 831 4153 attribuunt.
868 4086 981 4172 Itaque
1005 4087 1067 4152 hoc
1089 4087 1242 4152 indicium
1267 4109 1334 4151 nou
1352 4086 1581 4171 negligendum

386 4188 500 4270 ellcum
525 4196 692 4281 quaeritur
714 4195 997 4262 sermocinantium
1020 4196 1106 4259 vices
1130 4216 1211 4278 quae
1235 4195 1362 4258 suntin
1381 4193 1473 4257 libris
1493 4196 1581 4256 tuen·

386 4285 454 4363 lime
473 4305 536 4368 sint
555 4326 596 4367 an
615 4301 820 4368 abiiciendae.
859 4300 922 4366 Sed
940 4301 1105 4367 videamus
1126 4322 1253 4366 cursum
1272 4302 1436 4365 sermonis.
1474 4298 1525 4362 Ad
1544 4320 1581 4361 ea

386 4408 568 4478 turnicius
599 4411 753 4495 proponit
781 4407 854 4497 (83)
881 4408 1056 4492 βέλτιστον
1083 4408 1164 4493 ἡμῖν
1192 4399 1270 4489 αἷμα
1298 4409 1453 4491 ταύρειον
1480 4416 1580 4489 πιεῖν,
1595 4434 1622 4474 eo

385 4507 430 4574 'dl
448 4515 528 4594 ὅπως
551 4517 594 4582 ἀν
618 4517 842 4598 ἀποθάνωμεν
865 4515 1094 4599 ἀνδρικώτατα
1116 4514 1189 4601 (81)
1208 4514 1441 4580 Demosthenes
1465 4514 1511 4577 ita
1534 4535 1581 4577 re

385 4622 486 4694 bondo
508 4623 596 4711 (85),
624 4629 661 4689 ut
689 4624 724 4687 in
751 4623 883 4689 eandem
912 4623 1067 4688 orationis
1090 4623 1227 4686 formam
1251 4622 1442 4685 sententiam
1466 4620 1581 4684 fundat

384 4730 554 4817 eollitorium,
581 4733 628 4817 μά
657 4730 721 4796 Δί’
747 4729 819 4796 ἀλλ’
850 4732 995 4812 ἀκρατον
1023 4723 1133 4808 οἶνον,
1161 4729 1223 4792 hoc
1247 4733 1308 4812 est,
1336 4751 1401 4792 non
1424 4729 1581 4812 ταύρειον

383 4817 438 4909 “lm
455 4838 506 4902 sed
528 4841 674 4924 ἄκρατον
697 4830 793 4904 οἶνον
815 4837 895 4922 ἡμῖν
917 4836 1090 4919 βέλτιστον
1113 4847 1216 4900 πιεῑνε
1245 4836 1332 4919 quod
1355 4858 1418 4919 quo
1443 4834 1580 4901 consilio

382 4930 473 5027 iubeat,
498 4946 650 5029 quoniam
678 4967 743 5010 uon
771 4947 884 5009 mortis
912 4943 1077 5008 obeundae
1105 4964 1213 5025 causa,
1242 4944 1327 5026 quod
1351 4942 1405 5006 ille
1428 4941 1582 5027 agitabat,

380 5043 572 5117 nbindrcarur
594 5051 725 5136 quidem
748 5052 812 5116 iam
834 5050 941 5115 verbis
965 5050 1081 5114 additis
1104 5050 1237 5133 ἀγαθοῦ
1261 5051 1426 5131 δαίμονος,
1450 5050 1480 5112 h.
1501 5071 1526 5113 e.
1547 5048 1581 5110 in

377 5144 503 5223 bonorem
530 5159 629 5224 fausti
657 5159 812 5240 numinis,
840 5158 896 5221 sed
924 5156 1006 5222 nihil
1034 5157 1140 5240 aptius
1164 5162 1233 5220 erat
1256 5158 1288 5219 in
1313 5155 1373 5220 hac
1396 5154 1580 5218 diversitate
1686 5162 1690 5168 '

375 5263 486 5343 anilii,
507 5287 603 5350 quam
622 5266 732 5330 statim
751 5264 825 5329 addi
844 5270 876 5329 et
895 5269 1004 5348 aperte
1023 5263 1094 5345 dioi,
1118 5265 1187 5347 ipse
1206 5263 1283 5345 quid
1302 5265 1465 5345 exspectet
1483 5282 1502 5323 a
1521 5282 1579 5323 suo

370 5370 494 5455 consilio,
516 5394 581 5457 quo
608 5393 731 5437 merum
755 5372 876 5455 vinum,
899 5393 965 5436 non
988 5370 1072 5435 tauri
1097 5372 1285 5455 sanguinem
1307 5368 1484 5452 potandum
1507 5388 1580 5451 pro·
