3925 6675
734 1147 1036 1200 couraovaesmn
1054 1148 1269 1200 cucumula.
1554 1145 1618 1208 557

382 1309 440 1373 sed
466 1328 560 1389 opero
586 1314 642 1372 tuo
664 1308 744 1372 miti
767 1310 905 1391 intellepo
928 1315 957 1374 te
978 1311 1049 1374 istie
1065 1311 1224 1390 prodesse,
1251 1309 1302 1374 hie
1323 1330 1362 1374 ne
1384 1308 1472 1374 verbo
1494 1309 1619 1390 quiden

383 1415 487 1480 levore
508 1436 557 1480 me
572 1434 672 1496 posse.
708 1414 747 1479 In
770 1417 889 1500 quibus
911 1417 1027 1482 ecolioet
1049 1421 1080 1482 et
1102 1418 1320 1500 sipnifieorom
1343 1439 1362 1480 a
1385 1415 1547 1501 Madvigio
1567 1436 1619 1479 ec-

385 1522 480 1605 eepit‚
503 1525 541 1586 ut
564 1521 716 1586 diximus:
740 1522 864 1607 reliqua
887 1545 947 1587 suo
970 1523 1113 1606 periculo
1138 1523 1281 1588 instituit
1304 1522 1392 1587 etin
1417 1545 1497 1587 mue.
1516 1520 1619 1586 Rhen.

389 1628 475 1693 1898
493 1651 524 1712 p.
547 1628 611 1692 123
639 1629 828 1694 confirmare
852 1630 984 1695 studuit.
1023 1628 1085 1706 Qui
1108 1631 1236 1714 quidem
1260 1629 1316 1695 illa
1340 1652 1421 1713 quae
1444 1629 1544 1694 edidit
1566 1629 1621 1694 sed

384 1741 558 1817 operatua
581 1735 660 1799 molli
683 1735 744 1799 eibi
768 1735 856 1801 visus
880 1741 929 1800 eet
952 1736 1067 1802 elicere
1090 1759 1129 1800 ex
1152 1737 1308 1801 librorum
1334 1736 1493 1820 scriptura
1514 1738 1544 1801 ai
1567 1737 1620 1800 do·

383 1848 497 1907 notam
524 1849 571 1924 ul,
599 1864 637 1907 eo
666 1843 790 1908 scilicet
816 1844 954 1909 artificio
978 1866 1042 1928 quo
1067 1845 1193 1927 quidvis
1218 1867 1257 1908 ex
1281 1844 1396 1926 quovis
1420 1843 1505 1909 effici
1528 1843 1619 1908 nullo

386 1949 518 2036 negotio
543 1953 647 2032 queat.
686 1948 873 2014 Omittimue
901 1952 1093 2034 pravitatem
1123 1951 1370 2031 sententiae,in
1394 1951 1544 2034 quoiam
1569 1950 1619 2013 de-

385 2055 559 2139 sideratur,
587 2055 674 2139 quod
701 2078 860 2121 summum
890 2061 959 2121 erat
986 2060 1096 2141 aperte
1125 2057 1202 2140 diei,
1226 2055 1411 2121 Ciceronem
1441 2078 1522 2140 quae
1545 2060 1619 2120 ante

386 2161 533 2226 voluerat
551 2163 615 2226 iam
635 2161 835 2247 relicturum
855 2163 1035 2228 omittimus
1055 2164 1225 2228 verborum
1245 2163 1388 2227 ordinem
1408 2163 1511 2228 critici
1530 2164 1619 2227 iueeu

384 2270 581 2352 institutum,
599 2290 694 2353 quem
715 2269 950 2334 intolerabilem
970 2291 1040 2335 ecee
1060 2270 1132 2354 quis
1150 2291 1216 2334 non
1234 2270 1392 2355 percipiet
1411 2269 1466 2353 qui
1485 2269 1618 2354 paulum
1634 2293 1660 2334 ro

385 2376 483 2441 modo
503 2398 597 2441 sensu
616 2377 773 2440 sermonis
793 2377 956 2460 praeditus
975 2378 1025 2441 eit.
1050 2375 1159 2442 Unum
1178 2376 1259 2441 illud
1276 2377 1420 2459 dicimus,
1439 2376 1519 2441 haee
1538 2397 1620 2460 quae

386 2483 508 2547 tradita
534 2487 611 2547 sunt
637 2483 778 2566 intellepo
805 2489 834 2548 te
860 2485 931 2549 lolio
947 2485 1106 2566 prodesse,
1128 2485 1178 2548 tie
1200 2505 1238 2550 ree
1260 2485 1349 2550 verbo
1370 2485 1495 2566 quidem
1518 2483 1620 2548 levore

384 2611 435 2654 me
446 2610 546 2671 posse,
565 2591 622 2673 qui
635 2591 816 2655 accuratius
834 2591 1035 2676 perspexerit
1052 2596 1084 2656 ot
1102 2591 1142 2656 ad
1161 2614 1254 2656 neum
1275 2591 1431 2656 sermonis
1450 2589 1620 2672 rettulerit,

385 2718 461 2763 eum
480 2718 546 2763 non
564 2718 661 2782 posse
679 2718 745 2762 non
764 2697 955 2783 intelligere,
977 2718 1037 2762 neo
1055 2698 1135 2762 milei
1152 2697 1282 2782 requiri,
1303 2719 1408 2782 neque
1426 2697 1514 2762 verbo
1533 2696 1619 2780 quod

385 2803 574 2888 oppositum
590 2803 641 2887 eit,
656 2804 723 2869 eive
736 2825 778 2883 re,
798 2804 885 2888 quod
902 2804 1052 2869 nonnulli
1069 2809 1145 2890 post
1162 2810 1191 2869 te
1208 2806 1419 2887 inseruerunt,
1438 2803 1513 2887 eive,
1532 2803 1619 2887 quod

386 2909 443 2975 ille
461 2911 584 2994 maluit,
606 2931 701 2993 opero
718 2917 782 2995 tua,
804 2911 985 2976 addendum
1004 2911 1112 2995 fuieee,
1131 2911 1187 2976 sed
1207 2911 1359 2976 contrarii
1377 2911 1535 2975 rationem
1553 2931 1619 2974 non

386 3038 534 3081 mancam
558 3039 627 3083 esee
649 3040 760 3082 verum
783 3018 967 3103 perfectam,
991 3040 1088 3101 quam
1107 3019 1158 3082 vel
1180 3019 1242 3083 hoc
1265 3017 1361 3083 modo
1383 3017 1508 3101 liquido
1531 3021 1619 3102 pate

385 3123 492 3189 facere
519 3124 628 3191 liceat:
656 3125 797 3208 intdlepo
824 3131 853 3190 te
879 3127 950 3191 istie
965 3126 1126 3210 prodesse,
1152 3125 1203 3190 ee
1225 3123 1304 3212 (non
1329 3123 1434 3189 solum
1457 3145 1523 3188 non
1546 3144 1619 3208 pro

385 3229 480 3296 deese
495 3230 564 3320 sed)
578 3253 618 3298 ne
630 3233 719 3298 verto
732 3233 857 3314 quidem
872 3233 974 3298 leoore
988 3253 1037 3298 me
1043 3252 1143 3314 posse.
1163 3230 1229 3297 Sor.
1239 3255 1281 3297 m.
1292 3231 1398 3317 Aprili
1408 3255 1434 3296 a.
1445 3247 1618 3296 unccccV.
