3925 6675
561 1143 612 1194 DE
629 1142 859 1194 muniano
877 1142 1023 1194 MINUGII
1040 1143 1180 1194 FELICIS
1200 1141 1369 1195 OCTAVIO.
1534 1139 1599 1205 109

358 1310 560 1370 commeatus.
606 1301 660 1369 Sic
683 1304 768 1368 enim
791 1301 965 1369 Suetonius
988 1303 1116 1368 locutus
1141 1307 1190 1367 est
1212 1305 1268 1368 rit.
1288 1302 1427 1369 Neronis
1452 1303 1493 1369 37
1518 1307 1600 1369 mori

360 1413 461 1477 iussis
481 1432 548 1476 uon
565 1411 704 1493 amptius
721 1431 817 1492 quom
834 1411 985 1475 terarum
1003 1411 1142 1493 mmmm
1162 1410 1265 1492 dabat,
1288 1409 1345 1475 ubi
1365 1411 1398 1474 in
1416 1410 1509 1475 libris
1529 1413 1599 1495 qui-

359 1517 501 1582 busdam
521 1517 743 1600 deterioribus,
766 1539 847 1600 quos
867 1516 1006 1582 Rothius
1026 1517 1126 1600 affert,
1149 1521 1206 1580 aut
1224 1518 1361 1581 duorum
1384 1521 1440 1581 aut
1467 1542 1506 1581 ru
1526 1521 1601 1582 ante

358 1624 514 1689 bucmm
546 1625 702 1688 insertum
734 1623 866 1710 legitur,
899 1646 1036 1708 quorum
1067 1623 1130 1688 hoe
1158 1621 1194 1687 F.
1212 1622 1251 1688 A.
1271 1622 1411 1688 Wolfius
1441 1625 1601 1707 probavit,

359 1736 540 1815 utrumque
563 1753 621 1796 suo
643 1731 711 1794 iure
730 1731 854 1815 sprevit
871 1729 1021 1812 Rotbius,
1044 1734 1077 1794 et
1095 1732 1160 1795 iam
1179 1731 1257 1795 olim
1276 1729 1432 1794 Ernestus
1450 1731 1600 1796 tuoruum

360 1839 505 1920 spatium
533 1859 603 1902 esse
629 1838 779 1902 Marum
807 1837 926 1920 altprect
951 1841 1038 1903 recte
1066 1837 1242 1902 adnotarat.
1289 1837 1475 1922 Eodemque
1502 1838 1600 1904 modo

360 1943 539 2009 Suetonius
562 1946 680 2009 iterum
707 1944 837 2027 scripsit
860 1945 915 2008 vit.
935 1943 1109 2009 Domitian.
1129 1945 1150 2008 3
1173 1946 1255 2009 iuter
1281 1947 1378 2009 tuitio
1399 1947 1603 2027 principatus

360 2052 477 2116 cotidie
498 2057 646 2116 aeuum
668 2051 731 2116 sibi
752 2051 902 2116 toruum
923 2071 1045 2117 surum
1066 2051 1181 2116 mtebot
1202 2071 1258 2116 uec
1279 2053 1444 2133 quicquum
1463 2052 1603 2134 amptius

359 2180 460 2240 quum
475 2177 599 2223 muscus
612 2163 753 2240 capara
768 2162 800 2222 et
814 2158 868 2222 hic
882 2158 1012 2242 quidem
1025 2179 1161 2243 magnus
1177 2155 1385 2222 Oasaubonus
1401 2158 1550 2224 horarum
1566 2183 1605 2222 111

361 2265 464 2330 scribi
487 2267 596 2347 iussit,
619 2263 760 2329 Wolfius
788 2268 895 2329 autem
923 2270 1070 2330 seudum
1092 2265 1254 2330 torcatum
1277 2265 1404 2347 maluit,
1433 2287 1514 2348 quae
1537 2288 1600 2330 vox
1615 2296 1642 2336 ιο

361 2371 461 2436 nihili
484 2376 548 2455 est,
575 2375 710 2454 uterque
737 2375 866 2456 praeter
892 2393 1015 2436 morem
1044 2373 1078 2436 iu
1100 2394 1135 2436 re
1159 2371 1299 2456 simplici
1322 2376 1355 2436 et
1377 2376 1488 2456 aperta
1508 2373 1601 2455 lapsi.

362 2477 499 2543 Minucii
524 2500 620 2543 nemo
644 2499 767 2542 memor
788 2478 852 2542 fuit
879 2479 914 2542 in
937 2476 1093 2543 Suetonio
1116 2482 1154 2542 ut
1177 2478 1212 2542 in
1234 2477 1377 2543 Minucio
1406 2500 1501 2543 nemo
1524 2476 1603 2543 Sue-

361 2587 462 2650 tonii:
484 2590 637 2670 putamus
660 2589 768 2649 autem
792 2586 871 2649 haec
893 2587 956 2649 tria
984 2587 1131 2670 exempla
1161 2584 1308 2650 codicum
1336 2585 1525 2650 auctoritate
1549 2585 1602 2649 fir-

363 2698 452 2757 mata
475 2693 556 2757 satis
580 2691 644 2756 sibi
668 2692 806 2756 invicem
829 2691 981 2776 praesidii
1004 2693 1165 2776 praebere.
1212 2690 1274 2756 Sed
1297 2690 1419 2758 Wolfio
1449 2695 1487 2756 ut
1510 2691 1603 2755 satis-

363 2799 438 2880 fiat,
469 2800 527 2883 qui
560 2798 730 2864 dubitabat
759 2821 825 2863 non
855 2800 958 2884 magis
990 2821 1086 2883 quam
1117 2800 1266 2864 tororum
1295 2801 1433 2881 spatium
1464 2799 1504 2862 ab
1534 2797 1602 2862 ullo

362 2907 524 2988 scriptore
547 2906 679 2983 dierum,
702 2926 859 2970 nouorum
876 2908 1016 2987 spatium
1034 2906 1179 2991 positum
1197 2927 1276 2989 esse,
1298 2906 1360 2970 boc
1378 2926 1603 2983 memoramus,

363 3010 536 3094 Iustinum,
559 3033 754 3095 quamquam
773 3034 1015 3096 nonnumquam
1033 3015 1202 3078 intercedis
1217 3014 1333 3094 paucis
1356 3012 1462 3078 diebus
1480 3010 1603 3091 scribit,

362 3122 404 3182 ut
427 3117 539 3183 Livius
569 3118 660 3203 loqui
688 3118 784 3202 solet,
813 3141 907 3202 saepe
935 3124 1043 3183 tamen
1071 3124 1104 3184 et
1126 3121 1254 3204 saepius
1276 3120 1413 3183 fortasse
1435 3119 1603 3184 interaneis

363 3225 475 3290 diebu
492 3224 621 3308 dixisse,
640 3225 737 3308 velut,
759 3247 800 3289 ne
820 3225 1040 3290 desiderentur
1057 3225 1120 3291 loci
1140 3245 1179 3290 111
1199 3226 1227 3309 7,
1243 3225 1276 3309 ὃς
1300 3244 1323 3287 ν
1344 3226 1394 3308 10,
1409 3224 1441 3308 83
1465 3243 1553 3289 xv111
1575 3227 1603 3307 1,

368 3333 425 3416 113
445 3350 532 3396 xvm
549 3331 578 3409 7,
592 3332 622 3396 4.
638 3334 668 3410 9,
686 3332 797 3398 multis
816 3333 897 3415 aliis,
916 3333 1001 3398 idem
1019 3337 1174 3399 irteriecto
1192 3340 1325 3415 tempore
1343 3330 1601 3420 (xv1113,18)*)

364 3444 399 3503 et
423 3438 518 3521 tepet
543 3439 710 3505 Gallorum
732 3442 788 3522 qui
810 3446 883 3505 cute
905 3460 1024 3506 rueuses
1046 3441 1181 3506 Reum
1204 3441 1408 3505 iuceuderout
1430 3438 1493 3526 (xx
1511 3439 1543 3525 5,
1557 3439 1602 3528 4).

366 3546 468 3629 Apud
490 3544 672 3611 Minucium
696 3552 802 3612 autem
826 3548 855 3612 si
876 3548 1087 3630 relinquenda
1110 3551 1186 3612 sunt
1203 3548 1301 3611 rerba
1319 3547 1437 3612 tradita
1454 3548 1604 3612 tuarum

364 3653 478 3718 solum
495 3655 652 3734 wmiseo
678 3660 857 3736 commeatu,
880 3674 917 3718 eo
940 3654 1045 3740 magis
1068 3659 1213 3739 apertum
1236 3658 1286 3718 est
1309 3656 1342 3717 in
1366 3656 1512 3738 proxima
1536 3676 1603 3719 sen-

363 3760 470 3824 tentia
499 3760 547 3824 oet
575 3766 610 3824 ut
644 3759 750 3844 (velud
779 3758 863 3845 cod.)
896 3761 1032 3842 exempto
1063 3762 1254 3825 audeatur
1282 3760 1456 3844 particulas
1485 3762 1532 3825 oet
1560 3767 1603 3839 ut,

363 3866 485 3949 quibus
503 3865 719 3931 Baehrensius
738 3867 884 3931 abutitur
905 3872 943 3931 ut
960 3868 1099 3952 refingat
1123 3889 1292 3931 numerum
1310 3868 1396 3932 horis
1414 3867 1603 3950 addendum,

362 3972 424 4037 alii
452 3971 548 4036 aliter
576 3977 756 4052 mutarunt,
785 3973 989 4057 temptandas
1018 3994 1084 4037 non
1115 3995 1197 4050 esse,
1228 3996 1309 4057 quaa
1340 3979 1372 4037 et
1402 3973 1603 4058 probabilem

363 4078 564 4144 sententiam
587 4078 710 4144 babent
732 4084 766 4143 et
789 4081 935 4164 exemplo
958 4080 1141 4161 firmantur,
1170 4078 1331 4144 Ciceronis
1354 4080 1393 4144 de
1416 4103 1451 4144 re
1474 4080 1604 4165 publica

364 4184 556 4271 (1140,67)
580 4186 704 4250 esttibi
725 4206 763 4250 ex
785 4188 827 4251 iis
849 4188 929 4267 ipsis
955 4188 1011 4267 qui
1037 4187 1155 4251 adsunt
1181 4187 1258 4251 betta
1287 4189 1376 4269 copie
1403 4188 1449 4251 oet
1477 4193 1511 4251 ut
1533 4209 1554 4250 a
1577 4193 1605 4251 te

364 4296 437 4374 ipso
458 4293 595 4357 ordiore.

459 4416 492 4461 11.
517 4398 733 4483 Posteaquam
757 4398 911 4463 Octavius
935 4421 959 4462 c.
981 4398 1023 4462 19
1047 4420 1149 4483 usque
1172 4422 1191 4463 a
1213 4398 1314 4463 Thale
1337 4399 1463 4464 Milesio
1490 4400 1529 4464 de
1553 4400 1603 4465 de
1618 4432 1645 4472 ω

366 4528 461 4570 orum
484 4510 602 4570 natura
624 4505 892 4590 pbilosophorum
917 4507 1093 4570 sententias
1117 4508 1325 4588 enumerarit,
1348 4507 1505 4571 rationem
1529 4529 1604 4572 con·

367 4611 500 4676 cludens
524 4612 576 4676 bis
598 4612 707 4676 verbis
731 4612 849 4676 desiuit
872 4612 958 4695 20,1

503 4720 649 4802 Exposui
674 4722 835 4801 opiniones
864 4722 1005 4785 corutum
1026 4722 1124 4801 ferina
1141 4721 1394 4802 pbilosophorum
1421 4721 1533 4802 quibus
1554 4723 1605 4783 in-

504 4826 632 4892 lusu—or
652 4826 755 4909 pluria
778 4832 830 4909 est,
853 4827 944 4891 meu
966 4848 1067 4890 riuum
1090 4827 1197 4891 erutis
1219 4827 1288 4914 ticet
1310 4828 1487 4909 desipuusse
1504 4828 1605 4891 uomi-

504 4934 606 5011 mbus‚
627 4939 664 4997 ut
684 4934 788 5015 quivis
814 4933 983 4997 arbitretur
1010 4940 1066 4997 cut
1092 4954 1176 4997 uuuc
1202 4934 1389 4998 cluniacus
1405 4932 1604 5014 philosophos

503 5059 568 5104 cese
589 5046 646 5104 cut
661 5040 861 5123 philosophos
881 5042 981 5121 fuisse
1003 5042 1070 5103 iam
1094 5046 1167 5104 tuuc
1189 5040 1383 5105 christianos

462 5213 523 5284 ‘20)
542 5214 598 5285 [Ita
612 5214 743 5269 Valerius
758 5215 897 5269 Maximus
917 5232 1088 5284 quamquam
1107 5234 1157 5267 rru
1172 5223 1196 5281 4,
1214 5216 1359 5283 lparuulo
1373 5213 1470 5268 derude
1489 5219 1604 5278 tempore

378 5300 517 5368 lubricum,
535 5303 648 5372 saepius
666 5305 807 5359 interiecto
825 5310 950 5373 tempore,
969 5305 1108 5359 interiecto
1128 5303 1226 5357 deiude
1245 5310 1359 5370 tempore
1373 5304 1411 5370 (p.
1427 5305 1492 5363 302,
1507 5303 1536 5361 83
1552 5303 1603 5349 ³42

380 5386 516 5459 tlicmpi,
531 5391 601 5463 al.).]
