3925 6675
718 1161 769 1213 DE
787 1162 921 1213 PLAUTI
938 1163 1187 1214 MENAECHMIS.
1510 1161 1574 1226 427

340 1327 420 1386 sunt
442 1322 507 1387 iam
528 1325 596 1388 iere
619 1323 654 1388 in
677 1322 872 1389 oblivionem
891 1322 1092 1388 recciderunt
1109 1346 1213 1408 neque
1232 1328 1281 1389 est
1300 1325 1471 1409 opinamur
1489 1326 1575 1409 quod

342 1451 456 1494 eorum
474 1431 660 1495 memoriam
679 1431 885 1513 suscitemus;
908 1451 990 1514 quae
1009 1451 1083 1496 vero
1103 1430 1137 1495 in
1155 1431 1352 1515 explicandis
1371 1431 1477 1496 verbis
1497 1437 1575 1496 tem-

344 1540 435 1620 ptata
452 1541 538 1620 sunt,
559 1559 600 1601 ex
618 1537 659 1600 iis
676 1557 742 1601 non
760 1537 930 1622 indignum
949 1541 999 1602 est
1018 1536 1104 1620 qnod
1123 1537 1342 1602 consideretur
1358 1537 1397 1602 A.
1412 1537 1574 1625 Spengelii

341 1648 560 1708 commentum
584 1644 641 1727 qui
663 1665 683 1706 a
704 1642 842 1708 Poenuli
864 1643 971 1708 verbis
995 1641 1116 1724 eoesq.
1140 1644 1303 1728 profectus

771 1749 847 1816 AG.
882 1749 1004 1832 Optime
1025 1751 1088 1829 itis,
1106 1752 1242 1832 pessime
1263 1751 1361 1817 dede
1383 1753 1495 1818 dicitis.

481 1858 566 1939 Quin
588 1859 683 1922 etiam
705 1857 876 1922 deciderint
896 1858 982 1922 vobis
1001 1859 1124 1938 fenino
1147 1859 1181 1922 in
1204 1857 1284 1923 tulos
1305 1857 1405 1923 velim.

477 1963 553 2028 AD.
585 1964 631 2028 At
642 1964 748 2046 edepol
760 1985 818 2030 iios
831 1963 932 2029 tibiis
941 1963 1059 2030 lumbos
1068 1964 1210 2047 linpuom
1220 1971 1311 2047 atqie
1318 1966 1421 2032 oeulos
1431 1968 1465 2032 in
1476 1967 1575 2032 solani

343 2072 415 2156 ipsa
443 2070 656 2136 similitudine
684 2071 861 2136 sententiae
889 2070 1073 2136 advertente
1101 2071 1275 2157 utrobique
1305 2073 1405 2138 soem
1432 2073 1576 2157 plantem

341 2177 434 2263 pedis
458 2177 520 2242 dici
544 2177 607 2242 sibi
629 2178 791 2262 persuasit
813 2175 990 2264 (Philolog.
1009 2195 1108 2242 xxvii
1129 2177 1214 2243 1868
1238 2201 1268 2263 p.
1287 2179 1354 2244 340
1363 2177 1433 2266 sq.).
1474 2179 1519 2244 nt
1542 2181 1576 2244 in

343 2283 479 2350 Poenuli
503 2283 633 2369 quidem
652 2285 807 2369 versibus,
830 2285 887 2369 qui
910 2307 989 2368 quas
1014 2284 1231 2350 dubitationes
1254 2287 1437 2370 pepererint
1456 2285 1496 2352 de
1513 2286 1576 2351 fide
1591 2311 1616 2351 so

340 2391 532 2475 omittimus,
555 2392 622 2456 sive
646 2392 676 2456 ei
698 2391 807 2456 Plauti
831 2396 907 2456 sunt
926 2393 994 2455 sive
1013 2415 1031 2456 a
1049 2393 1157 2457 nescio
1177 2415 1241 2476 quo
1260 2393 1454 2477 interpositi,
1472 2393 1500 2457 is
1520 2395 1574 2478 qui

340 2497 481 2584 scripsit,
503 2499 540 2562 in
561 2498 623 2564 hac
645 2500 863 2564 concinnitate
886 2521 950 2583 qua
972 2505 1049 2564 vote
1073 2501 1233 2565 contraria
1255 2504 1488 2584 permutantur,
1510 2522 1576 2566 non
1667 2499 1672 2510 '

341 2605 469 2671 ridetur
484 2605 626 2670 dubitari
638 2627 734 2690 posse
753 2607 833 2689 quin
846 2607 983 2671 alterum
997 2607 1059 2671 hoo
1073 2627 1217 2693 regerere
1232 2608 1413 2672 convicium
1427 2609 1575 2691 voluerit,

341 2717 380 2777 nt
403 2713 452 2778 illi
473 2711 619 2797 linguam
641 2712 676 2776 in
698 2712 836 2796 lumbos,
859 2715 970 2778 oeulos
994 2717 1101 2779 autem
1123 2713 1234 2778 cedere
1252 2715 1287 2778 in
1304 2715 1449 2798 plantam
1468 2737 1576 2799 prece-

341 2823 404 2885 tur.
440 2819 502 2884 Cui
523 2841 589 2884 non
613 2820 660 2884 ita
682 2820 830 2884 absimile
853 2825 916 2903 est,
940 2820 1028 2904 quod
1046 2819 1218 2885 Peniculus
1242 2821 1280 2886 de
1304 2842 1347 2902 se,
1371 2843 1435 2904 quo
1459 2827 1575 2906 augeat

339 2925 586 2992 asseverationis
608 2927 743 3012 pondus,
765 2947 832 2991 non
854 2931 1024 2993 contentus
1049 2927 1167 2992 dixisse
1191 2925 1319 2992 Oculum
1340 2929 1469 3010 ecfodito
1487 2929 1575 3010 initii,

341 3033 503 3100 cumulate
526 3033 612 3099 dicat
634 3033 756 3100 oculum
779 3035 909 3116 ecfodito
925 3055 986 3116 per
1008 3034 1108 3100 solum
1131 3031 1218 3120 (nam
1241 3034 1288 3099 sie
1307 3034 1459 3100 distincte
1478 3035 1574 3099 scribi

340 3142 438 3206 iussit
460 3138 667 3228 Spengelius)
690 3141 721 3204 h.
737 3162 763 3204 e.
782 3145 819 3205 nt
838 3143 873 3206 in
891 3141 1036 3226 plantam
1056 3141 1148 3206 cadat
1166 3141 1218 3206 vel
1235 3163 1293 3226 per
1311 3140 1455 3226 plantam
1474 3147 1573 3207 exeat.

339 3247 485 3326 Quodsi
508 3249 561 3313 oni
587 3247 811 3336 prodigiosum
839 3247 999 3330 videatur,
1028 3249 1157 3313 ooulum
1184 3248 1323 3314 effodere
1350 3249 1447 3312 alicui
1475 3253 1512 3314 ut
1535 3270 1574 3313 ex

340 3356 454 3442 planta
475 3357 623 3441 prodeat,
649 3356 916 3421 reminiscendum
944 3360 1006 3439 est,
1034 3357 1068 3421 in
1090 3356 1152 3420 hoc
1174 3376 1291 3442 genere
1314 3356 1499 3421 exsecrandi
1522 3378 1574 3422 ex·
1588 3378 1615 3418 ro

339 3466 583 3551 aggerationem
606 3464 669 3528 sibi
691 3464 754 3527 rite
777 3463 886 3528 locum
908 3484 1049 3547 poscere,
1068 3464 1157 3527 velut
1179 3463 1213 3527 in
1233 3462 1349 3527 Casina
1366 3462 1444 3529 haec
1462 3465 1573 3550 legun·

341 3576 395 3637 tur
418 3570 568 3657 (390sq.)

780 3676 884 3744 OHA.
921 3678 962 3744 Ut
984 3678 1108 3759 quiden
1130 3678 1229 3743 berete
1247 3678 1379 3760 pedites
1395 3680 1543 3760 pendeas.

480 3783 545 3851 ΟΒ
575 3784 1440 3867 Attentoordosemenpareeecapitepernosum
1466 3792 1542 3870 tuos,

340 3916 382 3957 ne
404 3891 578 3958 Homerica
600 3913 815 3957 memoremus
838 3890 889 3979 (11.
909 3910 956 3955 xv
975 3890 1056 3977 280)
1082 3891 1262 3975 τάρβησαν,
1285 3902 1388 3957 πᾶσιν
1412 3888 1448 3957 di
1471 3892 1572 3977 παραὶ

339 3997 419 4067 ποσὶ
446 4000 591 4065 κάππεσε
618 4001 729 4081 θυμός
755 4003 812 4064 aut
839 4020 921 4083 quae
944 3996 1095 4063 Sohilleri
1122 4002 1236 4082 poetae
1263 3998 1417 4063 nostratis
1441 3999 1574 4063 andacia

340 4106 375 4171 in
397 4105 496 4173 simili
518 4106 737 4172 exsecratione
761 4107 811 4171 sni
834 4104 898 4171 sibi
919 4106 1079 4189 permisit,
1104 4105 1279 4171 Entwisdit
1301 4107 1364 4169 mir
1386 4106 1453 4169 eine
1475 4105 1574 4171 nocte

340 4213 446 4294 Ηααν,
467 4233 501 4280 ao
523 4214 595 4279 solit
616 4214 668 4278 ilir
691 4214 791 4278 mene
811 4215 889 4278 ewei
902 4214 1015 4295 Aspen
1032 4214 1069 4277 ia
1086 4214 1154 4278 eine
1169 4211 1378 4278 Windbedae
1395 4212 1488 4277 leden
1506 4212 1574 4277 aad

338 4320 504 4403 Spalim
524 4320 627 4385 demit
647 4320 806 4385 sciriessea.
853 4318 916 4385 Sed
939 4322 1025 4384 esto:
1048 4319 1260 4403 nequeenim
1284 4318 1347 4383 hoc
1369 4340 1479 4383 verum
1503 4341 1572 4385 esse

339 4432 553 4513 praestemus,
580 4449 654 4491 cnm
677 4449 743 4491 non
765 4428 874 4512 inepte
897 4427 1116 4514 excogitatum
1140 4448 1208 4491 esse
1236 4425 1441 4491 affirmemus.
1486 4424 1572 4491 Illud
1586 4447 1612 4488 ao

339 4539 409 4599 erat
426 4536 582 4618 ineptum,
600 4536 629 4599 si
648 4534 726 4618 quid
739 4534 905 4617 sentimus,
924 4534 1011 4618 quod
1024 4556 1127 4619 nuper
1140 4531 1290 4599 contendi
1305 4532 1454 4618 vidimus,
1471 4532 1571 4599 solum

338 4662 409 4707 esse
431 4646 569 4725 utroque
591 4641 664 4707 loco
686 4662 796 4707 corum
819 4641 909 4724 cordi,
932 4641 1020 4725 qnod
1038 4665 1057 4707 a
1074 4640 1211 4707 Poenuli
1231 4639 1377 4705 versibus
1401 4640 1571 4707 abhorrere

337 4750 408 4832 ipse
421 4752 516 4814 tenor
533 4751 765 4814 sententiarum
779 4752 812 4813 et
825 4747 997 4813 eonsilium
1012 4747 1146 4813 dicentis
1161 4746 1324 4831 patefacit,
1340 4768 1444 4832 neque
1458 4752 1570 4813 nostro

338 4854 432 4921 facile
450 4854 613 4941 intelligas
632 4855 711 4939 quid
729 4855 792 4920 hoe
815 4855 877 4919 sibi
895 4856 974 4919 velit
999 4854 1120 4919 omem
1138 4854 1274 4936 ecfodere
1285 4876 1345 4937 per
1363 4874 1473 4921 eanum
1491 4854 1572 4921 aedi

338 4964 395 5026 ant
418 4961 581 5046 quidhoc
608 4962 649 5026 sd
676 4962 854 5049 augendam
883 4962 1135 5027 exsecrationem
1157 4962 1264 5027 faciat.
1311 4961 1438 5039 Quanto
1463 4964 1570 5045 aptius

337 5068 426 5153 quod
448 5069 483 5134 in
505 5068 723 5135 Menaechmis
749 5070 836 5133 1014
859 5069 978 5135 dicitur
1001 5069 1055 5151 (ot.
1072 5066 1172 5155 1011)

471 5176 555 5241 ME.
578 5177 674 5241 Teneo
688 5176 969 5259 eprimerides
1006 5174 1114 5241 MES.
1132 5175 1358 5241 Faceutoeidi
1372 5175 1454 5240 ioue
1468 5176 1569 5239 ineo·

1282 5284 1350 5365 pite
1372 5286 1525 5364 appareat

337 5387 414 5453 lie.
437 5390 526 5474 eripe
544 5388 575 5454 ei
593 5389 736 5473 oculum,
760 5394 798 5454 ut
819 5390 924 5455 inanis
943 5390 1029 5455 oculi
1049 5390 1140 5455 locus
1159 5392 1193 5453 in
1215 5392 1319 5474 eapite
1342 5388 1568 5472 conspiciatur.
