3925 6675
403 2067 498 2141 LIII.
524 2066 695 2141 INDEX
721 2067 1040 2142 LEG'IIONUM
1067 2067 1410 2142 AESTIVARUM
1439 2069 1537 2140 1901.

318 2248 340 2304 ⁸
447 2241 524 2308 Non
554 2242 681 2308 libellos
713 2246 840 2308 tantum
871 2265 930 2308 sua
960 2242 1028 2308 fata
1059 2241 1177 2308 habere
1209 2243 1265 2308 sed
1292 2247 1325 2307 et
1352 2241 1527 2308 sententias
1556 2248 1588 2306 et

356 2350 454 2416 verba
468 2350 541 2434 quis
558 2350 622 2415 hoc
638 2349 762 2415 nescit?
784 2349 874 2415 Nota
891 2354 968 2415 sunt
986 2371 1068 2434 quae
1082 2348 1199 2415 Accius
1218 2354 1314 2434 poeta
1327 2349 1469 2435 tragicus
1484 2349 1523 2414 de
1537 2371 1588 2414 co-

355 2457 491 2524 moediis
518 2455 679 2522 Plautinis
706 2457 836 2542 scripsit
863 2478 882 2520 a
909 2455 1014 2523 Gellio
1043 2457 1077 2522 in
1104 2455 1201 2521 tertio
1228 2455 1383 2522 Noctium
1410 2455 1588 2522 Atticarum

354 2586 382 2628 c.
405 2564 426 2628 3
453 2566 562 2629 relata
601 2563 699 2628 Cuius
731 2563 829 2628 verba
862 2586 943 2649 quae
970 2564 1048 2629 olim
1077 2563 1163 2628 varis
1191 2564 1363 2647 depravata
1390 2563 1590 2628 circumfere-

355 2670 476 2736 bantur
496 2675 661 2756 poatremo
682 2670 834 2736 Hertuius
857 2671 899 2734 ad
921 2670 1080 2736 librorum
1103 2673 1290 2736 memoriam
1314 2675 1424 2735 exacta
1447 2671 1481 2734 in
1503 2670 1590 2736 huno

354 2778 487 2844 mudum
510 2777 632 2844 edenda
653 2779 777 2843 curarit

516 2885 567 2950 Μ.
582 2891 687 2950 tomos
706 2885 807 2950 Varro
826 2886 862 2949 in
879 2884 958 2950 libro
977 2886 1016 2950 de
1029 2885 1193 2951 oocwedits
1207 2884 1371 2950 Plautinis
1377 2886 1485 2966 primo
1498 2884 1590 2950 Accii

515 2991 608 3057 verbu
631 2991 706 3056 hacc
721 2993 831 3072 ponit:
855 2992 943 3056 ‘nom
965 3013 1021 3057 nec
1041 2992 1170 3058 Gemini
1188 2993 1310 3058 lenones
1327 3012 1382 3056 aec
1400 2990 1589 3056 Condalium

516 3119 571 3164 ecc
593 3099 687 3164 Anus
710 3097 830 3177 Plauti,
853 3119 908 3163 noc
931 3099 994 3164 Bis
1016 3119 1189 3181 wcprressc
1211 3119 1266 3164 nco
1287 3099 1417 3164 Boeotia
1439 3119 1588 3180 cuiquam
1603 3119 1629 3158 ιο

514 3207 586 3288 fait,
611 3226 708 3288 acque
726 3206 803 3270 odeo
819 3207 976 3288 Aproocus
996 3227 1092 3288 caque
1111 3205 1350 3272 Commorientes
1370 3207 1478 3270 Macci
1501 3205 1589 3270 Titi!

355 3311 448 3379 Accii
471 3312 570 3379 verba
591 3336 611 3378 a
630 3311 735 3378 Gellio
759 3317 795 3378 ut
817 3313 931 3379 scribit
953 3334 1020 3379 uon
1042 3336 1082 3378 ex
1106 3313 1208 3399 ipsius
1232 3315 1340 3398 aliquo
1364 3312 1448 3379 libro
1472 3311 1590 3379 sodex

357 3418 514 3485 Varronis
542 3420 582 3484 de
608 3420 782 3486 comoediis
805 3420 964 3486 Plautinis
992 3424 1142 3506 excerpta
1167 3421 1341 3486 identidem
1365 3420 1509 3486 edoctis
1533 3420 1589 3485 ho-

355 3527 499 3593 minibus
526 3531 664 3593 tractata
691 3531 724 3591 et
750 3530 924 3593 retractata
951 3532 1041 3608 sunt,
1069 3528 1125 3594 aad
1153 3550 1191 3592 ea
1217 3551 1258 3593 ne
1284 3550 1369 3593 nunc
1392 3526 1520 3611 quidem
1544 3530 1590 3593 ita

355 3638 433 3699 sunt
463 3634 648 3721 profligata,
680 3639 717 3698 ut
748 3634 811 3699 iam
843 3633 927 3699 nihil
958 3634 1001 3699 sit
1035 3634 1121 3719 quod
1153 3635 1277 3700 utiliter
1303 3635 1449 3701 adnotari
1477 3634 1590 3719 possit,

356 3740 456 3805 immo
480 3742 635 3807 orationis
657 3740 803 3823 sormam,
826 3763 891 3825 qua
912 3745 999 3807 recte
1022 3746 1152 3827 accepta
1175 3743 1382 3807 continentur
1405 3743 1520 3826 omnia,
1544 3746 1588 3809 vi·

355 3848 469 3913 demur
495 3848 604 3930 nobis,
631 3849 660 3911 si
686 3869 753 3911 non
780 3852 897 3930 totam,
925 3846 1035 3931 aliqua
1062 3852 1148 3913 certe
1176 3871 1215 3913 ax
1242 3852 1333 3933 parte
1356 3848 1469 3913 melius
1494 3872 1588 3933 quam

355 3954 462 4021 adbuc
483 3954 604 4019 factum
626 3960 677 4019 est
695 3954 853 4018 declarare
871 3975 909 4018 ac
927 3954 1027 4018 tutari
1046 3976 1148 4038 posse.
1176 3954 1215 4019 Id
1232 3956 1333 4040 igitur
1351 3955 1411 4019 hac
1430 3957 1589 4021 scribendi

356 4062 526 4127 occasione
548 4061 697 4145 persequi
720 4062 878 4143 volumus,
901 4062 929 4125 si
950 4060 1036 4125 forte
1059 4062 1232 4145 contigerit
1250 4066 1287 4125 ut
1305 4061 1428 4145 aliquid
1447 4062 1486 4127 ad
1504 4067 1590 4127 recte

355 4167 599 4255 percipiendum
619 4189 714 4231 usum
733 4167 1061 4251 consuetudinemque
1081 4168 1235 4232 sermonis
1253 4166 1361 4231 Latini
1381 4170 1589 4234 conferamus.
1604 4195 1629 4235 so

445 4274 534 4362 Ergo
558 4272 651 4339 Accii
673 4274 784 4359 verba,
812 4296 893 4358 quae
916 4297 956 4337 ex
982 4296 1046 4358 quo
1070 4274 1153 4339 libro
1177 4274 1268 4339 Accii
1292 4278 1422 4359 sumpta
1444 4276 1509 4339 sint
1532 4298 1589 4339 nec

358 4378 481 4446 Gellius
504 4404 608 4466 neque
632 4403 727 4467 quem
750 4382 779 4446 is
802 4382 914 4446 citauit
937 4379 1041 4447 Varro
1066 4381 1198 4465 indicat,
1226 4380 1260 4445 in
1283 4380 1375 4447 libris
1398 4382 1468 4447 eius
1491 4400 1591 4447 mna·

357 4504 530 4554 scamcou
557 4489 664 4573 posita
690 4488 789 4553 fuisse
816 4489 862 4553 rei
889 4493 923 4553 et
948 4490 1126 4553 sententiae
1154 4510 1249 4554 causa
1276 4488 1486 4574 probabiliter
1515 4494 1591 4575 post

354 4594 438 4661 alios
466 4597 581 4661 statuit
603 4596 800 4682 Madvigius,
827 4595 854 4661 is
880 4596 937 4680 qui
961 4592 1002 4681 (a.
1024 4594 1125 4682 1831)
1148 4596 1271 4681 primus
1294 4595 1410 4661 horum
1433 4598 1590 4663 librorum

357 4702 518 4787 originem
544 4708 578 4767 et
604 4707 753 4767 naturam
781 4702 945 4768 luculenta
972 4702 1192 4786 disputatione
1220 4702 1404 4789 explanavit
1426 4703 1592 4789 reliquias·

359 4830 423 4893 que
446 4830 555 4873 eorum
580 4830 600 4873 a
621 4809 842 4896 grammaticis
865 4809 978 4874 allatas
1004 4810 1137 4897 collegit
1155 4814 1188 4875 et
1207 4810 1396 4897 emendavit,
1419 4810 1590 4896 inquibus

355 4918 468 4981 nostra
489 4916 548 4981 illa
570 4916 668 4981 verba
690 4917 737 4981 sic
759 4914 947 5001 perscripsit
970 4914 1068 5002 (Opp.
1087 4934 1099 4981 1
1117 4940 1147 5001 p.
1167 4916 1224 5003 94)

517 5044 595 5088 acm
626 5044 681 5089 nec
714 5024 843 5089 Gemini
873 5044 929 5088 ccc
961 5024 1079 5089 lacum
1109 5045 1164 5089 nec
1196 5024 1385 5091 Condalium
1416 5046 1471 5091 nec
1497 5026 1591 5091 Auses

518 5128 631 5196 Plauti
652 5152 707 5196 noc
728 5130 790 5197 Bis
812 5150 985 5213 compressa
1008 5150 1063 5197 noc
1079 5130 1209 5199 Boeotia
1231 5154 1380 5214 umquam
1401 5134 1472 5215 (uit,
1495 5154 1591 5215 mac

518 5236 595 5303 odeo
610 5235 785 5322 ’Ἀγροικος
807 5258 904 5321 neque
927 5236 1174 5323 Commorantes,
1196 5239 1252 5305 aed
1273 5240 1323 5305 Μ.
1342 5239 1482 5321 Aquilii,
1604 5262 1630 5303 ao

358 5343 422 5409 uisi
445 5342 533 5429 quod
555 5343 595 5409 de
616 5346 750 5410 extremi
767 5345 909 5411 nominis
927 5346 1063 5409 veritate
1081 5368 1116 5411 se
1136 5344 1227 5412 valde
1245 5346 1391 5411 dubitare
1409 5346 1589 5431 profitetur.
