3925 6675
405 1116 472 1180 346
543 1165 547 1170 .
594 1121 626 1171 1..
645 1121 762 1170 moun
778 1119 994 1172 recurouuu
1011 1121 1252 1174 mamuanuu
1271 1120 1438 1189 raessraoo.

404 1281 526 1345 tionem
548 1284 634 1346 recte
656 1303 715 1366 per
737 1280 847 1346 eadem
869 1281 1014 1347 membra
1037 1281 1155 1348 evolvi:
1178 1283 1291 1349 deinde
1310 1283 1400 1350 bomo
1418 1289 1536 1368 amobe,
1557 1303 1636 1350 cum

403 1393 623 1466 occurreret,
650 1388 730 1452 telio
757 1389 841 1471 fieri,
868 1389 1001 1454 attolit
1026 1409 1101 1454 rem
1124 1390 1435 1457 commenticiam:
1462 1393 1563 1457 dicit
1584 1392 1637 1457 de-

403 1486 523 1561 clinere
535 1501 682 1560 ommam.
714 1494 785 1572 Qua
803 1497 1044 1580 comparatione
1062 1496 1175 1562 conlisi
1190 1497 1374 1564 dubitamus
1388 1499 1485 1563 etiam
1500 1497 1635 1564 Useneri

403 1603 582 1667 sententiae
609 1601 771 1686 accedere,
799 1602 856 1687 qui
882 1602 918 1667 in
944 1601 1147 1668 nobilissimo
1170 1602 1404 1688 Epicureorum
1432 1604 1533 1689 libro,
1561 1627 1635 1670 cum

403 1708 483 1773 haec
504 1709 590 1774 inter
611 1709 793 1795 fragmenta
815 1710 945 1775 afferret
967 1732 996 1794 p.
1019 1709 1092 1794 199,
1114 1712 1219 1793 ituqm
1236 1711 1395 1796 particula
1412 1711 1453 1776 ad
1471 1711 1637 1797 superiora

402 1817 505 1881 relata
526 1820 603 1899 post
624 1835 695 1879 eam
718 1815 878 1880 defectum
897 1817 1052 1882 orationis
1071 1817 1207 1901 notaui,
1230 1817 1308 1902 quid
1327 1817 1401 1884 addi
1420 1821 1552 1903 cuperet
1570 1841 1636 1886 non

403 1921 565 1988 indicavit
605 1921 677 1987 Nos
704 1944 770 2006 quo
796 1921 901 2009 magis
922 1921 1193 2009 intelligimus-in
1215 1923 1273 1990 illa
1295 1925 1454 1990 sententia
1477 1925 1559 1990 nihil
1582 1925 1635 1990 de·

403 2028 535 2093 siderari
562 2028 749 2113 nullamque
776 2049 888 2095 vocem
914 2049 1014 2113 prave
1037 2030 1189 2114 scriptam
1211 2052 1293 2113 esse,
1318 2053 1415 2096 unam
1438 2034 1543 2115 itaque
1564 2053 1635 2118 par·

402 2135 537 2202 ticulam
559 2136 688 2202 officere
708 2139 740 2201 st
758 2136 888 2202 obstare
906 2136 1138 2221 scrupulosque
1156 2159 1196 2201 ex
1214 2159 1248 2202 se
1266 2159 1386 2224 parere,
1409 2161 1447 2204 eo
1466 2139 1634 2224 proniores

363 2264 513 2308 cosumus
540 2244 575 2308 in
602 2264 672 2309 eam
695 2243 894 2328 opinionem,
920 2247 958 2308 ut
981 2248 1148 2327 peccatum
1171 2266 1237 2310 non
1260 2265 1329 2310 esse
1352 2246 1416 2310 nisi
1439 2269 1458 2311 a
1481 2243 1634 2312 Cicerone

402 2349 474 2433 ipso
497 2352 657 2434 putemus,
680 2350 735 2434 qui
758 2354 969 2434 posteaquam
992 2350 1144 2434 exposuit
1165 2350 1292 2435 planius
1315 2352 1373 2418 illa
1391 2374 1473 2437 quae
1491 2352 1633 2438 llpiouro

402 2455 579 2522 occurrisse
602 2455 648 2543 (li
667 2478 693 2521 e.
716 2458 751 2521 in
769 2461 911 2522 mantem
934 2455 1073 2543 venisse)
1098 2457 1184 2541 dicit,
1208 2457 1236 2522 si
1260 2459 1367 2524 omnia
1386 2459 1533 2525 deorsum
1553 2483 1570 2525 e
1589 2483 1636 2526 re

402 2563 499 2648 gione
519 2563 690 2646 ferrentur,
713 2585 889 2647 numquam
909 2563 978 2629 fore
998 2568 1035 2628 ut
1052 2569 1180 2630 atomus
1199 2569 1342 2630 atomum
1360 2565 1543 2654 attingeret,
1561 2589 1636 2633 con·

401 2668 543 2734 dnuavit
569 2670 747 2736 orationem
770 2671 877 2736 verbis
900 2672 1005 2753 imque
1027 2671 1131 2737 attolit
1153 2693 1218 2738 reem
1241 2675 1500 2754 commenticiam,
1528 2695 1635 2740 errore

401 2777 562 2862 seductus,
585 2780 675 2862 quasi
699 2800 767 2844 non
789 2778 1017 2864 praemisisset,
1038 2779 1127 2845 mmo
1149 2785 1266 2860 amiam,
1290 2801 1358 2846 mm
1381 2787 1557 2860 occsurum,
1579 2779 1636 2846 aad

401 2883 459 2949 illa
480 2886 590 2970 potius
614 2886 727 2952 &ade
747 2886 864 2951 ibidem
886 2886 1009 2951 bomini
1031 2891 1119 2952 amoto
1142 2890 1282 2953 ocmmrit.

490 2991 568 3058 Non
594 2993 777 3077 quaerimus
804 2993 844 3058 de
872 2991 1139 3058 anacoluthorum
1164 2992 1446 3061 Ciceroniancrum
1470 2995 1574 3060 modis
1598 3017 1634 3060 ac

401 3099 587 3185 generibus,
613 3099 653 3164 de
676 3099 807 3184 quibua,
835 3104 909 3184 post
936 3099 1017 3166 alios
1045 3105 1078 3166 et
1102 3101 1251 3185 inprimis
1275 3099 1312 3166 G.
1332 3099 1534 3187 Sohuppium
1557 3103 1634 3168 olim

400 3204 606 3292 philologum
632 3227 719 3271 nunc
746 3206 976 3291 philosophum
1005 3206 1116 3272 multis
1144 3213 1177 3273 et
1204 3209 1331 3295 magnis
1358 3207 1479 3275 meritis
1503 3209 1635 3292 uerum,

360 3332 389 3375 ao
403 3311 575 3399 diligenter
601 3314 754 3399 exposuit
780 3311 816 3377 F.
835 3310 1066 3379 (lustafssonus
1092 3315 1127 3379 in
1154 3313 1265 3381 libello
1289 3315 1328 3381 de
1347 3317 1451 3399 primm
1476 3315 1635 3383 Ciceronis

401 3421 439 3485 de
468 3420 587 3503 simibus
613 3418 870 3505 Helsingforsiae
897 3442 923 3483 a.
949 3419 1036 3485 1878
1064 3419 1161 3505 edito,
1193 3422 1250 3505 qui
1283 3422 1412 3506 quidem
1444 3423 1506 3488 hcc
1533 3422 1633 3509 probe

401 3526 552 3607 ostendit,
570 3548 665 3610 saepe
682 3526 785 3590 multa
804 3548 870 3591 non
887 3531 973 3591 reete
993 3526 1033 3591 ad
1051 3526 1138 3593 hunc
1156 3550 1323 3595 numerum
1343 3529 1489 3595 adscribi.
1519 3528 1633 3614 Neque

400 3632 464 3697 hoc
486 3632 566 3697 adeo
588 3632 630 3697 nd
651 3632 736 3697 hano
753 3655 938 3717 remquam
956 3634 1083 3720 agimrm
1102 3636 1263 3720 pertinere
1281 3635 1484 3721 arbitramur,
1507 3642 1632 3702 exstare

400 3738 480 3805 alibi
502 3740 587 3824 apud
607 3738 792 3805 Ciceronem
814 3740 1021 3825 imperfectae
1044 3742 1199 3807 orationis
1218 3744 1366 3827 exempla
1384 3746 1441 3807 aut
1458 3764 1552 3828 posse
1571 3744 1633 3809 hoc

400 3851 546 3911 nostrum
574 3846 615 3911 ad
640 3851 763 3913 certum
786 3846 947 3931 quoddam
969 3858 1072 3935 genus
1095 3870 1205 3915 eorum
1229 3850 1349 3915 referri.
1387 3848 1450 3915 Sed
1475 3850 1556 3915 illud
1577 3870 1633 3935 po·

400 3954 467 4019 tius
491 3952 709 4041 indagandum
732 3976 800 4020 esse
824 3954 973 4037 dicimus,
1001 3956 1104 4021 sicubi
1127 3956 1232 4021 oratio
1255 3978 1321 4021 non
1344 3978 1403 4021 suo
1427 3957 1538 4023 ordine
1559 3978 1632 4043 pre

401 4060 499 4145 cedit,
522 4083 586 4145 quo
610 4082 717 4127 errore
740 4084 843 4146 quave
866 4062 1013 4127 socordia
1034 4062 1097 4128 hoc
1120 4064 1189 4127 fieri
1212 4062 1368 4148 potuerit,
1391 4068 1428 4128 ut
1451 4068 1565 4149 coepta
1587 4062 1632 4129 di·

401 4166 620 4234 cendi.forma
641 4168 792 4234 derelicta
809 4190 913 4252 neque
930 4170 994 4233 rite
1012 4168 1052 4233 sd
1071 4190 1165 4233 suum
1184 4170 1280 4235 finem
1300 4170 1436 4236 deducta
1453 4170 1502 4235 sit.
1528 4168 1632 4248 Quare

401 4274 489 4358 quod
516 4276 705 4341 eoniieimus
734 4276 796 4340 isto
819 4275 890 4339 loco
914 4275 1068 4340 accidisse
1090 4298 1132 4341 ne
1155 4278 1227 4361 quis
1251 4282 1440 4362 aspernetur
1462 4282 1632 4365 propterea

358 4398 387 4441 m
401 4380 488 4465 quod
514 4381 666 4447 credibile
693 4403 759 4445 non
785 4382 830 4446 sit
856 4383 888 4446 io
917 4382 1044 4449 tantulo
1072 4383 1241 4449 intervallo
1270 4384 1316 4450 sic
1344 4384 1526 4453 aberratum
1552 4409 1632 4467 esee,

399 4486 463 4553 hoc
489 4488 731 4571 respondemus,
759 4488 899 4572 spatium
926 4512 992 4554 non
1016 4512 1083 4555 esse
1107 4490 1193 4574 quod
1216 4495 1414 4557 momentum
1438 4492 1550 4579 faciat,
1576 4492 1631 4560 ssd

400 4593 645 4677 explicatiorem
677 4594 774 4659 istam
807 4603 839 4659 et
870 4594 1017 4680 pluribus
1051 4596 1197 4680 partibus
1226 4598 1411 4665 distinctam
1439 4602 1630 4666 senteutiam

401 4722 483 4784 quae
506 4700 611 4765 media
633 4706 683 4765 est
706 4702 873 4767 interiecta
895 4702 1047 4769 fefellisse
1071 4704 1260 4788 scriptorem
1281 4709 1317 4769 ut
1336 4706 1507 4773 inducente
1525 4706 1631 4793 speeie

401 4806 544 4872 crederet
567 4830 602 4872 se
620 4831 686 4875 non
704 4831 786 4894 quae
803 4810 970 4893 praemisit
988 4810 1188 4895 praemisisse
1208 4811 1263 4876 sed
1283 4812 1401 4879 similia
1419 4814 1490 4879 istie
1509 4820 1541 4880 et
1560 4814 1631 4901 qui-

400 4916 462 4981 bus
485 4937 567 5000 quae
590 4916 803 5001 insequuntur
826 4918 952 4981 adnecti
971 4920 1111 5000 possent.
1149 4916 1363 4994 Quamobrem
1382 4918 1444 4985 hoe
1464 4940 1566 5007 genus
1584 4942 1629 4987 er·

400 5022 484 5089 roris
517 5024 604 5108 quod
636 5024 807 5089 statuimus
840 5029 953 5108 suapte
986 5028 1100 5089 natura
1132 5024 1300 5110 probabile
1332 5048 1400 5093 esse
1428 5028 1539 5113 negari
1566 5049 1630 5095 non

400 5134 522 5215 posset,
549 5132 647 5196 etiam
674 5132 702 5195 si
730 5132 893 5217 singulare
920 5136 1003 5196 esset
1031 5132 1065 5197 in
1093 5132 1221 5218 scriptis
1244 5132 1415 5201 Trallianis:
1443 5134 1499 5199 sed
1526 5141 1575 5201 est
1597 5136 1631 5202 in
1648 5146 1685 5203 lt

400 5242 554 5323 promptu
573 5237 765 5321 exemplum,
783 5238 946 5324 geminum
965 5238 1052 5323 quod
1072 5238 1166 5304 nobis
1187 5240 1320 5323 videtur,
1340 5241 1426 5325 quod
1441 5242 1518 5307 licet
1532 5240 1630 5307 alium

401 5344 581 5430 explicandi
609 5344 740 5409 modum
767 5365 834 5409 non
856 5346 1003 5431 recipiat,
1031 5350 1139 5411 tamen
1161 5348 1296 5431 nemini,
1324 5352 1482 5432 quantum
1504 5348 1631 5431 seimus,
