3925 6675
550 1165 601 1215 ΒΕ
620 1163 788 1216 scnouns
806 1163 845 1213 IN
863 1163 1098 1214 ARISTOTELIS
1117 1163 1361 1216 RHETORICAM.
1507 1161 1572 1226 475

334 1325 383 1411 (p.
404 1326 481 1412 247,
495 1323 552 1410 25)
574 1326 658 1389 inter
680 1323 760 1389 duas
783 1324 1005 1389 adnotationes
1030 1323 1198 1388 continuas
1218 1323 1257 1387 ad
1276 1347 1307 1409 p.
1323 1324 1408 1389 1417
1424 1324 1445 1389 b
1461 1324 1480 1388 8
1500 1327 1533 1388 et
1552 1323 1572 1387 9

332 1433 419 1498 haec
445 1432 686 1498 interficiuntur
712 1431 730 1496 ὁ
759 1431 796 1496 δὲ
823 1429 861 1495 ἐν
889 1434 986 1496 Οἰνεῖ
1010 1433 1189 1515 πρόλογοςε
1219 1433 1308 1514 παρὰ
1335 1439 1380 1518 τῷ
1405 1432 1573 1516 Εὐριπίδῃ

335 1541 408 1606 ἐστὶ
431 1548 588 1606 τοιοῦτον
614 1536 858 1622 insequentibus
882 1539 1023 1622 quinque
1047 1537 1207 1621 versibus,
1231 1559 1368 1622 quorum
1392 1539 1484 1604 testis
1507 1560 1572 1603 non

336 1653 387 1712 est
409 1649 538 1732 praeter
559 1647 646 1711 hune
669 1645 885 1711 scholiastam.

428 1771 455 1818 11
478 1753 522 1817 23
545 1775 575 1837 p.
598 1751 685 1817 1400
703 1751 724 1815 b
745 1752 786 1815 16
809 1751 929 1837 legitur
952 1753 1052 1827 ἄλλος
1077 1749 1204 1837 (τόπος)
1228 1752 1291 1816 ἀπὸ
1317 1761 1378 1816 τοῦ
1402 1752 1572 1837 ὀνόματος,

338 1852 414 1926 οἷον
436 1861 482 1937 ὡς
500 1860 518 1925 ὁ
535 1864 714 1944 Σοφοκλῆς
737 1859 887 1942 αΣαφῶς
910 1860 1036 1946 σιδήρῳ
1056 1856 1224 1946 (Σιδηρὼ)
1242 1857 1297 1923 καί
1321 1868 1475 1943 φοροῦσα
1497 1860 1574 1924 τοῦ-

338 1966 449 2049 νομα”
477 1966 595 2031 additis
625 1964 844 2049 compluribus
874 1964 1016 2031 eiusdem
1047 1965 1109 2028 loci
1140 1966 1302 2050 exemplis.
1344 1965 1396 2030 Ad
1427 1988 1508 2050 quae
1538 1969 1573 2031 iu

338 2073 438 2138 schol.
462 2096 492 2157 p.
513 2073 620 2156 146,’ί
640 2072 721 2137 haec
743 2073 939 2137 adnotantur
961 2071 982 2155 ἡ
1002 2072 1139 2156 Σιδηρὼ
1162 2075 1244 2157 κόρη
1268 2097 1317 2148 τις
1340 2069 1382 2155 ἦν
1405 2071 1460 2137 καί
1484 2073 1573 2156 ἐβιά-

338 2184 408 2259 ζετο
438 2181 528 2262 παριί
557 2204 662 2261 τινος,
691 2180 712 2262 ἡ
740 2177 777 2245 δὲ
807 2180 869 2263 οὐχ
898 2178 1080 2263 ὑπήκουεν·
1113 2179 1177 2244 ἀπὸ
1208 2189 1293 2262 γοῦν
1321 2189 1382 2245 τοῦ
1412 2179 1573 2264 ὀνόματος

339 2285 563 2371 ἐπιχειρητέον
586 2286 637 2351 ὅτι
660 2291 768 2362 καλῶς
790 2286 972 2370 ὠνομάσθη
987 2287 1124 2370 Σιδηρὼ
1147 2285 1196 2362 ὡς
1218 2296 1398 2370 φοροῦσα
1422 2284 1485 2352 καί
1505 2286 1573 2370 φί-
1587 2310 1613 2350 ro

339 2410 464 2477 ρουσα
486 2394 523 2457 τὸ
543 2395 649 2477 ὄνομα
671 2402 732 2458 τοῦ
756 2394 910 2477 σιδήρου·
934 2392 1085 2476 ιἰκαμπὴς
1108 2395 1171 2477 γὰρ
1191 2387 1221 2457 εί
1239 2394 1283 2469 ὡς
1301 2395 1446 2477 σίδηρος.
1484 2392 1573 2470 Quae

338 2500 433 2567 facile
460 2523 500 2564 ex
527 2497 713 2564 Aristotelis
739 2498 846 2564 verbis
875 2498 1164 2564 circumscribendo
1193 2499 1277 2563 effici
1305 2503 1462 2583 poterant.
1509 2499 1572 2565 Sed

339 2607 379 2672 ab
402 2607 456 2671 his
478 2606 681 2694 longiuscule
704 2610 860 2690 separata,
883 2609 1057 2690 postquam
1079 2606 1204 2690 reliqua
1219 2605 1405 2671 Aristotelis
1426 2609 1572 2691 exempla

339 2714 511 2799 explanata
534 2718 619 2790 sunt,
642 2736 673 2798 p.
693 2713 767 2796 146,
781 2713 824 2777 26
848 2734 886 2776 eo
904 2712 976 2778 loeo
996 2712 1053 2777 ubi
1071 2713 1204 2777 minime
1224 2716 1403 2796 exspectari
1421 2718 1572 2798 poterant

338 2820 418 2886 haec
436 2821 598 2885 adduntur
615 2819 720 2904 φησὶν
739 2819 756 2884 ὁ
775 2820 898 2903 βιάζων
916 2821 1000 2902 πρὸς
1017 2820 1079 2902 τὴν
1093 2817 1230 2902 Σιδηρὼ
1251 2819 1357 2902 “αὕτη
1377 2816 1413 2883 δὲ
1430 2821 1572 2904 μάχιμος

340 2949 411 2993 cum
435 2928 539 2993 tribus
561 2927 708 2992 versibus
731 2927 859 2991 aliunde
882 2948 948 2990 non
968 2927 1119 3012 cognitis.
1160 2925 1236 2990 Non
1260 2948 1319 2990 nos
1345 2927 1432 3011 fugit
1454 2928 1489 2990 in
1512 2926 1572 2990 hac

339 3040 429 3119 parte
448 3035 512 3100 alia
529 3056 598 3100 esse
617 3035 694 3100 satis
713 3033 935 3098 memorabilia
953 3033 992 3097 de
1012 3033 1135 3116 ordine;
1154 3055 1236 3117 quae
1254 3054 1319 3097 non
1338 3033 1571 3117 persequimur:

341 3143 459 3229 quippe
481 3164 548 3208 non
565 3141 629 3206 hoc
646 3142 772 3227 agimus
796 3145 833 3205 ut
855 3139 970 3205 horum
990 3139 1186 3204 scholiorum
1207 3162 1394 3225 compagem
1419 3139 1571 3205 dissolva-

341 3270 411 3313 mus
441 3252 474 3312 et
502 3248 618 3332 quibus
645 3248 719 3311 telis
746 3247 826 3312 haec
853 3251 980 3311 textura
1009 3247 1155 3312 confecta
1188 3248 1230 3310 sit
1258 3249 1454 3331 aperiamus3
1485 3246 1571 3330 quod

341 3377 468 3439 munus,
491 3355 638 3440 quamvis
661 3355 885 3438 necessarium,
908 3354 980 3418 aliis
1004 3354 1222 3441 peragendum
1245 3355 1466 3439 relinquimus
1585 3377 1611 3417 so

427 3461 490 3527 His
508 3462 612 3528 tribus
631 3461 787 3546 exemplis
802 3483 884 3545 quae
903 3462 1130 3546 proposuimus
1145 3462 1326 3527 confirmati
1345 3461 1408 3527 hoc
1426 3461 1571 3545 dicimus,

341 3570 466 3635 omissis
479 3571 552 3635 istis
565 3569 712 3635 versibus
727 3569 765 3633 de
779 3568 942 3656 Meleagro
957 3568 1124 3652 Euripidis
1139 3569 1355 3653 quaerendum
1371 3591 1439 3634 esse
1459 3591 1572 3654 ecqua-

340 3700 413 3743 nam
436 3676 531 3761 plura
554 3676 729 3743 scholiasta
752 3676 786 3740 in
809 3676 865 3740 illa
883 3681 974 3760 parte
999 3699 1081 3761 quae
1105 3681 1153 3741 est
1178 3678 1217 3742 de
1235 3676 1377 3761 periodis
1397 3677 1482 3761 apud
1501 3675 1571 3740 Ari·
1641 3737 1643 3741 ,

290 3781 325 3843 12
340 3786 489 3850 stotelem
512 3783 642 3870 legerit,
669 3805 765 3867 quam
794 3805 874 3867 quae
902 3784 1060 3849 librorum
1084 3784 1137 3847 via
1160 3788 1340 3869 propagata
1363 3785 1436 3849 sint.
1483 3781 1571 3859 Quae

340 3891 562 3975 interpretatio
587 3892 733 3974 quamvis
757 3890 883 3974 prolixa
905 3912 971 3956 non
995 3895 1104 3975 potest
1127 3891 1294 3975 praeteriri
1314 3891 1358 3976 (p.
1376 3889 1448 3971 195,
1470 3889 1510 3954 18
1530 3889 1571 3954 ad

342 3997 457 4064 1409b
473 3995 509 4083 8)
537 3998 589 4063 δεῖ
616 3993 653 4062 δὲ
680 3999 742 4081 τὴν
768 3998 927 4081 περίοδον
954 3996 1144 4081 ἀπαρτίζειν
1172 3998 1327 4062 διάνοιαν
1354 3987 1570 4079 calciamiri

340 4109 400 4173 εἰσι
420 4104 476 4171 καί
493 4106 539 4170 τὰ
557 4112 628 4170 τοῦ
642 4104 898 4189 Σοφοκλέους
918 4107 1090 4189 ἰαμβεῖα·
1110 4102 1164 4168 καί
1184 4105 1224 4168 τὰ
1242 4112 1379 4168 τοιαῦτα
1398 4105 1460 4188 γὰρ
1480 4124 1571 4187 περι-

340 4213 435 4279 οδικεί
458 4214 523 4278 εἰσι
545 4210 600 4277 καὶ
624 4210 662 4276 ἐν
680 4209 757 4276 δυσί
776 4212 897 4287 κώλοις
919 4210 939 4294 ἢ
963 4208 1012 4275 ἕνί
1032 4213 1128 4298 κώλφ
1152 4212 1306 4275 διάνοιαν
1325 4210 1570 4295 ἀπαρτίζουσιν,

340 4319 381 4396 ὡς
403 4319 443 4385 τὸ
468 4315 554 4384 “usi
572 4314 635 4402 μὲν
653 4314 679 4383 ὦ
698 4328 759 4382 παῖ
777 4316 1009 4404 (Aias.1.2)”.
1033 4320 1073 4382 τὰ
1093 4314 1130 4381 δὲ
1150 4327 1210 4382 τοῦ
1229 4318 1420 4401 Εὐριπίδου
1439 4319 1571 4401 ἰαμβεῖα

340 4423 551 4511 εἰρομένην
574 4423 682 4502 λέξιν
705 4427 831 4508 ἔχουσι·
854 4426 981 4509 μακρὰς
999 4426 1063 4509 γὰρ
1087 4426 1146 4501 τὰς
1165 4423 1340 4500 ἀποδόσεις
1358 4422 1503 4509 ἔχουσιν,
1526 4426 1571 4501 ὡς
1585 4447 1611 4487 ao

340 4535 374 4598 τὸ
398 4533 498 4616 αἥκοι
527 4542 657 4617 νεκρῶν
674 4538 864 4616 κευθμῶνα
891 4530 1020 4617 (Eurip.
1042 4529 1119 4596 Hec.
1142 4528 1213 4617 1)'’.
1246 4532 1348 4615 ἡὸλη
1373 4541 1458 4615 γοῦν
1480 4534 1571 4616 περί-

340 4641 417 4718 οδος
441 4639 570 4725 ὀφείλει
592 4637 783 4719 ἆπαρτιζειν
806 4639 961 4703 διάνοιαν
984 4639 1038 4703 καί
1062 4639 1099 4703 τὸ
1119 4638 1199 4703 ὅλον
1217 4643 1334 4703 κῶλον.
1367 4640 1415 4723 μὴ
1435 4637 1569 4724 μέντοι

341 4768 378 4827 γε
402 4747 444 4812 δὲ
468 4747 760 4811 διακόπτεσδαι
783 4755 855 4821 ταῖς
878 4755 1044 4827 στιγμαῖς,
1073 4736 1128 4809 οἷοί
1151 4745 1215 4809 εἰσι
1239 4746 1279 4809 τὰ
1301 4747 1383 4809 κατὰ
1406 4747 1571 4811 σύνθεσιν

340 4851 391 4918 καί
406 4852 586 4937 διαίρεσιν·
604 4849 660 4917 καί
679 4850 827 4917 ἐνταῦθα
845 4852 907 4935 μὲν
926 4849 1152 4928 διαστίξαντες
1170 4852 1276 4935 ἄλλην
1294 4852 1449 4917 διάνοιαν
1467 4852 1570 4934 ἀπαρ-

342 4960 487 5042 τίσομεν,
511 4956 660 5024 ἐνταῦθα
682 4955 718 5023 δί
743 4956 966 5036 διαστίξαντες
985 4960 1099 5041 ἄλλην,
1123 4950 1198 5023 οἷόν
1218 4958 1286 5023 ἰστι
1305 4960 1342 5023 τὸ
1367 4956 1569 5040 “ys-storto,

345 5069 430 5150 Ζεῦ,
458 5067 528 5132 τὸν
555 5075 630 5131 σῦν
656 5069 895 5149 καταβαλεῖν
922 5063 1015 5145 {pem
1042 5066 1098 5129 καί
1126 5055 1200 5129 οἷόν
1228 5064 1296 5130 ἐστι
1323 5063 1378 5129 καί
1402 5066 1439 5129 τὸ
1464 5063 1570 5128 “Ku-

344 5173 471 5238 λυδὼν
492 5173 562 5255 ἥδε
589 5182 683 5255 γαῖα
712 5175 935 5247 Πελοπείας
961 5170 1145 5255 χθονός”.
1192 5174 1223 5236 εἰ
1245 5168 1306 5256 μὲν
1329 5173 1392 5254 γὰρ
1417 5169 1570 5255 στίξομεν

345 5277 387 5355 εἰς
408 5280 445 5344 τὸ
469 5279 544 5363 ἣδε,
572 5289 698 5345 νοεῖται
726 5279 777 5344 ὅτι
800 5278 883 5362 αὕτη
907 5277 927 5361 ἡ
952 5280 1119 5343 Καλυδών
1142 5279 1211 5344 ἐστι
1234 5288 1286 5362 γῆ,
1313 5276 1368 5342 καί
1391 5282 1490 5361 μέρος
1512 5288 1570 5362 τῆς

346 5385 620 5469 Πελοποννήσου,
648 5386 678 5451 εἰ
705 5381 743 5450 δὲ
771 5384 924 5470 στίξομεν
951 5386 999 5461 εἰς
1021 5386 1059 5449 τὸ
1082 5385 1154 5469 μέν,
1177 5397 1302 5451 νοεῖται
1326 5385 1376 5449 ὅτι
1399 5386 1460 5468 ἣδε
1483 5383 1502 5467 ἡ
1527 5394 1567 5468 γῆ
