3925 6675
693 1147 942 1211 Quassrlon'ss
962 1146 1270 1197 ARISTOPHANEAE.
1537 1142 1602 1207 305

359 1306 599 1394 ξυγγογγύλας
621 1308 673 1375 vel
691 1310 819 1375 inverso
838 1309 949 1374 ordine
968 1309 1202 1392 copulatorum,
1226 1306 1304 1391 quid
1323 1307 1477 1390 estquod
1496 1307 1603 1372 minus

361 1415 518 1482 idoneum
548 1421 604 1482 aut
632 1418 738 1482 minus
765 1415 935 1481 tolerabile
957 1415 1117 1480 indicetur
1140 1437 1236 1498 quam
1260 1414 1312 1478 rel
1335 1413 1414 1478 haec
1437 1414 1469 1478 in
1494 1414 1603 1478 eadem

363 1521 478 1589 fabula
501 1523 567 1589 585
596 1522 752 1606 ξυνάγειν
779 1524 834 1588 καί
858 1525 1094 1605 συναθροιζειν
1121 1525 1169 1597 είς
1192 1520 1242 1597 ἕνς
1271 1520 1334 1585 577
1360 1522 1439 1597 τούς
1461 1545 1499 1604 γε
1522 1538 1604 1586 συν-

366 1630 566 1716 ισταμένους
588 1632 729 1706 τούτους
746 1629 801 1695 καὶ
821 1632 900 1706 τοὺς
918 1635 1099 1705 πιλοῦντας
1118 1626 1267 1711 ἑαυτούς,
1291 1629 1346 1692 ubi
1365 1629 1517 1693 tralatum
1537 1650 1605 1693 ver-

367 1734 444 1803 bum
467 1739 602 1824 proprio
626 1737 823 1822 adiungitur,
846 1741 902 1801 aut
926 1737 959 1800 in
977 1735 1096 1820 Vespis
1115 1735 1177 1800 601
1200 1736 1281 1800 οἵων
1299 1733 1338 1820 μ’
1356 1731 1532 1820 ἀποκλῄεις
1550 1736 1603 1800 καί

371 1846 567 1928 κατερύκεις,
587 1846 639 1911 vel
657 1843 758 1909 Ranis
773 1843 837 1908 703
857 1846 889 1908 εί
906 1839 942 1908 dt
961 1841 1048 1908 τοῦτ’
1073 1843 1314 1927 ὀγκωσόμεσθα
1332 1841 1604 1926 κάποσεμνυνού-

375 1955 476 2035 μεθα,
502 1957 536 2016 et
561 1953 596 2017 in
619 1950 701 2016 Pace
724 1950 788 2016 381
819 1951 848 2016 εί
875 1952 919 2033 μὴ
948 1953 1112 2033 τετορήσω
1136 1959 1239 2014 ταῦτα
1263 1947 1317 2013 καὶ
1341 1953 1523 2032 λακήσομαι
1548 1949 1603 2036 (cf.

380 2052 509 2124 Acharn.
526 2055 622 2146 579),
649 2058 713 2123 alia
740 2059 850 2122 multa.
888 2055 973 2121 Nam
1003 2057 1036 2121 in
1063 2056 1115 2120 his
1138 2057 1248 2140 paucis
1272 2056 1492 2137 subsistimus,
1522 2079 1604 2141 quae

384 2164 509 2232 maxime
536 2164 767 2251 comparabilia
794 2164 945 2229 videntur
973 2163 1038 2227 illis
1068 2185 1149 2247 quae
1178 2185 1237 2228 suo
1261 2166 1374 2246 postne
1398 2164 1604 2229 vindicamus.

387 2262 564 2338 llnivcrsnm
593 2273 678 2338 enim
707 2294 809 2358 genus
836 2272 994 2336 ubertatis
1022 2292 1095 2334 vere
1123 2275 1251 2355 poetam
1280 2269 1419 2334 decentis
1448 2270 1646 2335 latissimam

394 2380 584 2454 pometiam
613 2382 647 2444 in
670 2378 899 2463 Aristophanis
927 2377 1060 2462 fabulis,
1088 2377 1135 2441 sic
1158 2381 1195 2441 ut
1218 2377 1449 2461 praetereundo
1473 2381 1606 2444 tractari

400 2497 451 2545 non
468 2489 562 2569 possit
586 2486 643 2551 sed
666 2489 829 2571 propriam
853 2485 914 2549 sibi
939 2484 1191 2569 disputationem
1215 2483 1365 2568 requirat.

471 2591 525 2658 Sed
551 2594 592 2658 ab
620 2593 672 2658 his
700 2592 856 2677 Hesychii
884 2592 1002 2678 glossis
1030 2591 1128 2656 toties
1155 2612 1255 2676 pravo
1280 2592 1415 2656 consilio
1440 2591 1479 2656 ad
1503 2615 1605 2657 emen·

406 2688 533 2765 ditionem
560 2706 730 2786 poetarum
759 2701 993 2784 scriptorumve
1018 2697 1213 2764 Graecorum
1244 2697 1396 2763 adhibitis
1420 2721 1485 2763 non
1509 2700 1606 2764 disoe-

407 2792 484 2868 ffimus
504 2807 687 2893 priusquam
712 2807 848 2872 altorum
873 2807 1057 2891 exemplum
1076 2804 1349 2890 Aristophanenm
1374 2806 1513 2870 breviter
1536 2829 1606 2889 per·
1717 2875 1721 2882 ,

405 2903 605 2980 tin'nrsrimus.
642 2913 678 2978 In
704 2912 804 2978 Banis
834 2914 918 2978 enim
947 2935 967 2977 a
990 2935 1017 2976 v.
1038 2913 1103 2977 202
1128 2910 1256 2977 Charon
1285 2916 1317 2975 et
1342 2911 1504 2995 Dionysus
1529 2912 1607 2977 haec

404 3001 466 3075 intr
485 3042 516 3085 se
536 3026 736 3088 commutant
759 3020 857 3085 vcrba

534 3135 571 3195 X.
594 3129 636 3194 οὐ
657 3130 703 3212 μὴ
725 3129 930 3211 φλυαρήσεις
952 3123 1039 3210 ἔχων
1063 3123 1133 3191 ἀλλ’
1161 3125 1297 3207 ἀντιβὰς

594 3234 671 3322 ἐλᾷς
693 3236 893 3319 προθύμως;

935 3348 975 3406 Δ.
999 3336 1081 3428 κᾷτα
1105 3353 1173 3418 πῶς
1197 3343 1381 3425 δυνήσομαι
1622 3370 1648 3408 so

594 3452 729 3533 ἄπειρος
751 3448 986 3526 ἀθαλάττωτος
1007 3448 1223 3533 ἀσαλαμίνιος

595 3558 645 3622 ὢν
668 3549 732 3622 εἴτ’
754 3555 922 3640 tiatorem
946 3622 953 3635 ,

397 3639 552 3733 Inquibus
575 3666 710 3748 ἄπειρος
730 3663 895 3748 displicuit
913 3662 1053 3727 Velseno
1072 3668 1105 3727 et
1123 3664 1198 3747 quia
1218 3664 1303 3747 apud
1323 3664 1521 3747 Hesychium
1542 3664 1607 3750 legi

323 3785 325 3864 ς
400 3751 502 3834 'ldlmt
521 3770 810 3848 ἀθαλάττωτος·
840 3772 976 3856 ἄπειρος
998 3772 1182 3835 θαλαττίου
1205 3776 1302 3854 πλοῦ,
1327 3775 1359 3836 et
1382 3793 1493 3835 rursus
1517 3770 1609 3835 ἀσα-

323 3867 325 3900 ⁵
403 3860 568 3955 illinies·
599 3880 733 3963 ἀπειρος
761 3879 948 3962 θαλάσσης,
976 3877 1049 3941 inde
1077 3879 1258 3962 suspicatus
1286 3883 1337 3943 est
1360 3879 1443 3944 hanc
1467 3877 1608 3964 glossam

403 3967 596 4081 ‘lflesychio
621 3985 654 4049 in
674 4005 800 4050 versum
820 3983 1049 4069 Aristophanis
1069 3983 1190 4049 illatam
1210 3984 1406 4070 primitivam
1426 4006 1537 4049 vocem
1557 4006 1610 4048 cx-

404 4068 517 4174 inum,
546 4095 661 4177 poetae
693 4112 770 4156 vero
802 4090 939 4155 fortasse
971 4090 1062 4155 reddi
1094 4113 1189 4175 posse
1221 4090 1275 4155 ἀεί
1300 4115 1350 4167 τις
1377 4114 1436 4175 pro
1466 4093 1608 4173 ἄπειρος.

401 4167 485 4257 OQ
508 4200 724 4264 coniecturam
743 4197 874 4262 Valseni
901 4219 973 4263 cum
1003 4196 1244 4263 1.Leeuwenus
1272 4201 1450 4262 memoratu
1479 4197 1609 4281 dignam

397 4269 494 4366 habuit
513 4303 611 4371 Ranis
636 4326 663 4369 a.
685 4304 770 4370 1896
794 4305 897 4387 aditis,
921 4310 990 4369 tum
1015 4303 1159 4369 Koclrius
1183 4306 1229 4368 ita
1252 4308 1380 4370 secutus
1405 4308 1467 4386 est,
1491 4309 1527 4368 nt
1550 4327 1609 4388 pro

391 4376 513 4487 Quos
538 4414 651 4478 mallet
678 4410 810 4495 ἀγρεῖος
837 4410 867 4475 h.
892 4434 917 4476 e.
945 4412 1081 4497 agrestis
1109 4410 1229 4495 reponi.
1269 4410 1330 4487 Qui
1355 4432 1428 4476 cum
1452 4410 1608 4494 Hesychii
1624 4440 1650 4479 ro

386 4500 572 4602 u&tionem
595 4541 662 4584 non
684 4519 782 4584 faciat
805 4522 837 4582 et
860 4540 900 4583 ex
923 4520 1058 4599 ἄπειρος
1082 4518 1207 4583 efficere
1231 4518 1358 4582 studeat
1377 4518 1464 4601 quod
1483 4520 1609 4602 apicum

381 4604 586 4691 “militisine
609 4626 858 4709 commendetur,
881 4624 1011 4690 Valseni
1035 4627 1175 4689 rationes
1199 4625 1342 4689 fallimur
1365 4629 1504 4689 autnon
1524 4630 1610 4689 recte

378 4693 511 4814 &fluit
532 4735 588 4817 qni
608 4731 817 4797 Gobetianam
841 4734 998 4797 rationem
1022 4734 1199 4797 aemulatus
1219 4731 1374 4817 Hesychii
1395 4733 1521 4818 glossas
1541 4734 1609 4817 plu-

374 4815 463 4889 ¹¹¹¹¹l
484 4838 567 4925 iecit,
595 4861 635 4904 ex
662 4839 780 4923 quibus
809 4838 1004 4903 subditivam
1028 4860 1140 4904 vocem
1164 4840 1320 4925 originem
1344 4839 1474 4903 duxisse
1498 4842 1610 4903 voluit.

371 4897 460 5040 Nos
485 4946 511 5009 si
540 4946 618 5031 qnid
645 4947 802 5031 exemplis
830 4968 926 5030 supra
954 4946 1096 5010 collectis
1125 4947 1286 5011 effecimus
1314 4946 1375 5009 hoc
1405 4946 1610 5010 statuendum

372 5028 607 5137 ⁹¹¹⁸timamus‚
627 5051 825 5137 Hesychium
844 5054 990 5137 potuisse
1010 5052 1101 5117 illum
1122 5053 1250 5136 quidem
1267 5075 1325 5116 sua
1338 5058 1453 5135 sponte
1468 5055 1500 5116 iu
1516 5053 1610 5114 istam

370 5135 626 5276 &Quonam
655 5159 883 5225 vocabulorum
912 5159 1200 5246 ἀθαλάττωτος*),
1228 5160 1443 5243 ἀσαλαμίνιος
1472 5157 1610 5221 incidere

473 5309 534 5386 ’87)
551 5317 675 5373 Koskins
694 5319 914 5382 ἀθαλάττωτος,
933 5318 1009 5386 qnod
1029 5322 1135 5372 utnon
1155 5334 1290 5388 negamus
1309 5314 1456 5385 probabile
1476 5330 1549 5376 esse,
1570 5312 1610 5367 ita

374 5376 553 5462 ΜΗΚῖωοι
570 5423 655 5478 ροισι
673 5410 749 5462 reete
768 5405 966 5471 ἀθαλάττωτος
984 5407 1135 5463 reiiciatur.

433 5480 562 5547 νηῆσαι
576 5506 686 5558 opuscula
701 5507 731 5547 Π.
1363 5499 1397 5546 20
