<?xml version="1.0" encoding="UTF-8"?>
<!DOCTYPE html PUBLIC "-//W3C//DTD XHTML 1.0 Transitional//EN"
    "http://www.w3.org/TR/xhtml1/DTD/xhtml1-transitional.dtd">
<html xmlns="http://www.w3.org/1999/xhtml" xml:lang="en" lang="en">
 <head>
  <title>
</title>
<meta http-equiv="Content-Type" content="text/html;charset=utf-8" />
  <meta name='ocr-system' content='tesseract 3.04.00' />
  <meta name='ocr-capabilities' content='ocr_page ocr_carea ocr_par ocr_line ocrx_word'/>
</head>
<body>
  <div class='ocr_page' id='page_1' title='image "./iohannisvahleni01vahlgoog/iohannisvahleni01vahlgoog_0575.png"; bbox 0 0 3925 6675; ppageno 0'>
   <div class='ocr_carea' id='block_1_1' title="bbox 449 1093 1556 1159">
    <p class='ocr_par' dir='ltr' id='par_1_1' title="bbox 449 1093 1556 1159">
     <span class='ocr_line' id='line_1_1' title="bbox 449 1093 1556 1159; baseline 0.001 -12"><span class='ocrx_word' id='word_1_1' title='bbox 449 1097 499 1147; x_wconf 84' lang='lat' dir='ltr'>DE</span> <span class='ocrx_word' id='word_1_2' title='bbox 518 1096 727 1147; x_wconf 55' lang='lat' dir='ltr'>Pulnculrro</span> <span class='ocrx_word' id='word_1_3' title='bbox 748 1096 902 1159; x_wconf 82' lang='lat' dir='ltr'><strong>QUODAM</strong></span> <span class='ocrx_word' id='word_1_4' title='bbox 922 1097 1089 1147; x_wconf 75' lang='lat' dir='ltr'>Auouruss</span> <span class='ocrx_word' id='word_1_5' title='bbox 1109 1096 1196 1147; x_wconf 82' lang='grc' dir='ltr'>ΠΕΡΙ</span> <span class='ocrx_word' id='word_1_6' title='bbox 1215 1095 1429 1148; x_wconf 62' lang='lat' dir='ltr'>muman.</span> <span class='ocrx_word' id='word_1_7' title='bbox 1491 1093 1556 1159; x_wconf 68' lang='lat'>56⁵1</span> 
     </span>
    </p>
   </div>
   <div class='ocr_carea' id='block_1_2' title="bbox 293 1256 1597 5410">
    <p class='ocr_par' dir='ltr' id='par_1_2' title="bbox 320 1256 1556 1451">
     <span class='ocr_line' id='line_1_2' title="bbox 320 1256 1556 1343; baseline 0.001 -21"><span class='ocrx_word' id='word_1_8' title='bbox 320 1280 386 1343; x_wconf 87' lang='lat' dir='ltr'>que</span> <span class='ocrx_word' id='word_1_9' title='bbox 418 1279 478 1323; x_wconf 88' lang='lat' dir='ltr'>nos</span> <span class='ocrx_word' id='word_1_10' title='bbox 511 1258 573 1323; x_wconf 93' lang='lat' dir='ltr'>hoc</span> <span class='ocrx_word' id='word_1_11' title='bbox 600 1279 730 1341; x_wconf 90' lang='lat' dir='ltr'>quoque</span> <span class='ocrx_word' id='word_1_12' title='bbox 757 1258 960 1322; x_wconf 83' lang='lat' dir='ltr'>verissimum</span> <span class='ocrx_word' id='word_1_13' title='bbox 991 1258 1059 1321; x_wconf 88' lang='lat' dir='ltr'>eius</span> <span class='ocrx_word' id='word_1_14' title='bbox 1088 1279 1163 1322; x_wconf 89' lang='lat' dir='ltr'>usus</span> <span class='ocrx_word' id='word_1_15' title='bbox 1191 1259 1373 1341; x_wconf 84' lang='lat' dir='ltr'>exemplum</span> <span class='ocrx_word' id='word_1_16' title='bbox 1400 1256 1556 1323; x_wconf 85' lang='lat' dir='ltr'>habemus</span> 
     </span>
     <span class='ocr_line' id='line_1_3' title="bbox 321 1365 837 1451; baseline -0.006 -21"><span class='ocrx_word' id='word_1_17' title='bbox 321 1387 420 1451; x_wconf 91' lang='lat' dir='ltr'>quem</span> <span class='ocrx_word' id='word_1_18' title='bbox 444 1365 604 1430; x_wconf 85' lang='lat' dir='ltr'>declarare</span> <span class='ocrx_word' id='word_1_19' title='bbox 627 1365 837 1428; x_wconf 77' lang='lat' dir='ltr'><strong>instituimus.</strong></span> 
     </span>
    </p>

    <p class='ocr_par' dir='ltr' id='par_1_3' title="bbox 320 1470 1597 2410">
     <span class='ocr_line' id='line_1_4' title="bbox 413 1470 1557 1556; baseline 0 -20"><span class='ocrx_word' id='word_1_20' title='bbox 413 1471 474 1536; x_wconf 88' lang='lat' dir='ltr'>His</span> <span class='ocrx_word' id='word_1_21' title='bbox 494 1472 651 1554; x_wconf 85' lang='lat' dir='ltr'>exemplis</span> <span class='ocrx_word' id='word_1_22' title='bbox 674 1472 702 1535; x_wconf 90' lang='lat' dir='ltr'>si</span> <span class='ocrx_word' id='word_1_23' title='bbox 725 1493 789 1555; x_wconf 87' lang='lat' dir='ltr'>qua</span> <span class='ocrx_word' id='word_1_24' title='bbox 807 1470 887 1535; x_wconf 90' lang='lat' dir='ltr'>fides</span> <span class='ocrx_word' id='word_1_25' title='bbox 906 1476 964 1552; x_wconf 90' lang='lat' dir='ltr'>est,</span> <span class='ocrx_word' id='word_1_26' title='bbox 985 1473 1049 1536; x_wconf 89' lang='lat' dir='ltr'>iam</span> <span class='ocrx_word' id='word_1_27' title='bbox 1068 1471 1237 1553; x_wconf 76' lang='lat' dir='ltr'>constabit,</span> <span class='ocrx_word' id='word_1_28' title='bbox 1256 1470 1339 1534; x_wconf 91' lang='lat' dir='ltr'>nibil</span> <span class='ocrx_word' id='word_1_29' title='bbox 1357 1471 1557 1556; x_wconf 85' lang='lat' dir='ltr'>frequentius</span> 
     </span>
     <span class='ocr_line' id='line_1_5' title="bbox 320 1576 1558 1663; baseline 0 -20"><span class='ocrx_word' id='word_1_30' title='bbox 320 1601 394 1644; x_wconf 84' lang='lat' dir='ltr'>esse</span> <span class='ocrx_word' id='word_1_31' title='bbox 417 1579 503 1663; x_wconf 89' lang='lat' dir='ltr'>apud</span> <span class='ocrx_word' id='word_1_32' title='bbox 526 1578 699 1663; x_wconf 80' lang='lat' dir='ltr'><strong>scriptores</strong></span> <span class='ocrx_word' id='word_1_33' title='bbox 724 1576 861 1643; x_wconf 82' lang='lat' dir='ltr'>Graecos</span> <span class='ocrx_word' id='word_1_34' title='bbox 883 1578 934 1642; x_wconf 89' lang='lat' dir='ltr'>his</span> <span class='ocrx_word' id='word_1_35' title='bbox 953 1577 1200 1662; x_wconf 88' lang='lat' dir='ltr'>pronominibus</span> <span class='ocrx_word' id='word_1_36' title='bbox 1224 1577 1352 1643; x_wconf 90' lang='lat' dir='ltr'>iunctis.</span> <span class='ocrx_word' id='word_1_37' title='bbox 1384 1577 1423 1643; x_wconf 93' lang='lat' dir='ltr'>In</span> <span class='ocrx_word' id='word_1_38' title='bbox 1442 1600 1505 1662; x_wconf 86' lang='lat' dir='ltr'>qua</span> <span class='ocrx_word' id='word_1_39' title='bbox 1523 1601 1558 1643; x_wconf 91' lang='lat' dir='ltr'>re</span> 
     </span>
     <span class='ocr_line' id='line_1_6' title="bbox 322 1684 1557 1770; baseline -0.001 -19"><span class='ocrx_word' id='word_1_40' title='bbox 322 1690 432 1751; x_wconf 83' lang='lat' dir='ltr'>tamen</span> <span class='ocrx_word' id='word_1_41' title='bbox 446 1708 486 1750; x_wconf 91' lang='lat' dir='ltr'>ne</span> <span class='ocrx_word' id='word_1_42' title='bbox 500 1685 581 1750; x_wconf 91' lang='lat' dir='ltr'>illud</span> <span class='ocrx_word' id='word_1_43' title='bbox 596 1685 725 1769; x_wconf 87' lang='lat' dir='ltr'>quidem</span> <span class='ocrx_word' id='word_1_44' title='bbox 740 1685 969 1770; x_wconf 80' lang='lat' dir='ltr'>negligendum</span> <span class='ocrx_word' id='word_1_45' title='bbox 984 1689 1033 1749; x_wconf 90' lang='lat' dir='ltr'>est</span> <span class='ocrx_word' id='word_1_46' title='bbox 1042 1707 1282 1768; x_wconf 83' lang='lat' dir='ltr'>nonnumquam</span> <span class='ocrx_word' id='word_1_47' title='bbox 1298 1684 1434 1749; x_wconf 87' lang='lat' dir='ltr'>alterum</span> <span class='ocrx_word' id='word_1_48' title='bbox 1449 1689 1557 1750; x_wconf 89' lang='lat' dir='ltr'>utrum</span> 
     </span>
     <span class='ocr_line' id='line_1_7' title="bbox 320 1791 1557 1877; baseline -0.002 -19"><span class='ocrx_word' id='word_1_49' title='bbox 320 1815 434 1858; x_wconf 89' lang='lat' dir='ltr'>eorum</span> <span class='ocrx_word' id='word_1_50' title='bbox 458 1793 686 1877; x_wconf 88' lang='lat' dir='ltr'>pronominum</span> <span class='ocrx_word' id='word_1_51' title='bbox 706 1793 774 1857; x_wconf 80' lang='lat' dir='ltr'>sive</span> <span class='ocrx_word' id='word_1_52' title='bbox 796 1792 900 1857; x_wconf 85' lang='grc' dir='ltr'><em>αὐτὸν</em></span> <span class='ocrx_word' id='word_1_53' title='bbox 923 1793 991 1856; x_wconf 78' lang='lat' dir='ltr'>sive</span> <span class='ocrx_word' id='word_1_54' title='bbox 1014 1791 1143 1857; x_wconf 79' lang='grc' dir='ltr'><em>ἐκεῖνον</em></span> <span class='ocrx_word' id='word_1_55' title='bbox 1166 1791 1276 1856; x_wconf 88' lang='lat' dir='ltr'>abesse</span> <span class='ocrx_word' id='word_1_56' title='bbox 1300 1791 1455 1875; x_wconf 88' lang='lat' dir='ltr'>potuisse,</span> <span class='ocrx_word' id='word_1_57' title='bbox 1477 1791 1557 1856; x_wconf 85' lang='lat' dir='ltr'>adeo</span> 
     </span>
     <span class='ocr_line' id='line_1_8' title="bbox 322 1899 1557 1983; baseline -0.001 -19"><span class='ocrx_word' id='word_1_58' title='bbox 322 1904 468 1965; x_wconf 89' lang='lat' dir='ltr'>nostrum</span> <span class='ocrx_word' id='word_1_59' title='bbox 493 1900 521 1964; x_wconf 88' lang='lat' dir='ltr'>si</span> <span class='ocrx_word' id='word_1_60' title='bbox 540 1921 668 1963; x_wconf 89' lang='lat' dir='ltr'>sensum</span> <span class='ocrx_word' id='word_1_61' title='bbox 689 1900 885 1964; x_wconf 85' lang='lat' dir='ltr'>consulimus</span> <span class='ocrx_word' id='word_1_62' title='bbox 904 1900 1019 1963; x_wconf 92' lang='lat' dir='ltr'>melius</span> <span class='ocrx_word' id='word_1_63' title='bbox 1038 1899 1188 1983; x_wconf 88' lang='lat' dir='ltr'>abfuisse,</span> <span class='ocrx_word' id='word_1_64' title='bbox 1206 1903 1243 1963; x_wconf 89' lang='lat' dir='ltr'>ut</span> <span class='ocrx_word' id='word_1_65' title='bbox 1262 1901 1469 1982; x_wconf 88' lang='lat' dir='ltr'>perspicuum</span> <span class='ocrx_word' id='word_1_66' title='bbox 1489 1920 1557 1963; x_wconf 88' lang='lat' dir='ltr'>esse</span> 
     </span>
     <span class='ocr_line' id='line_1_9' title="bbox 321 2006 1557 2092; baseline -0.001 -21"><span class='ocrx_word' id='word_1_67' title='bbox 321 2008 437 2092; x_wconf 86' lang='lat' dir='ltr'>possit,</span> <span class='ocrx_word' id='word_1_68' title='bbox 456 2006 544 2090; x_wconf 92' lang='lat' dir='ltr'>quod</span> <span class='ocrx_word' id='word_1_69' title='bbox 562 2007 672 2071; x_wconf 88' lang='lat' dir='ltr'>iuncta</span> <span class='ocrx_word' id='word_1_70' title='bbox 690 2007 768 2090; x_wconf 92' lang='lat' dir='ltr'>poni</span> <span class='ocrx_word' id='word_1_71' title='bbox 788 2006 902 2088; x_wconf 83' lang='lat' dir='ltr'>solent,</span> <span class='ocrx_word' id='word_1_72' title='bbox 921 2006 956 2070; x_wconf 93' lang='lat' dir='ltr'>in</span> <span class='ocrx_word' id='word_1_73' title='bbox 974 2029 1012 2071; x_wconf 94' lang='lat' dir='ltr'>eo</span> <span class='ocrx_word' id='word_1_74' title='bbox 1032 2006 1295 2071; x_wconf 82' lang='lat' dir='ltr'>consuetudinem</span> <span class='ocrx_word' id='word_1_75' title='bbox 1314 2006 1473 2090; x_wconf 87' lang='lat' dir='ltr'>quandam</span> <span class='ocrx_word' id='word_1_76' title='bbox 1494 2027 1557 2070; x_wconf 89' lang='lat' dir='ltr'>ser-</span> 
     </span>
     <span class='ocr_line' id='line_1_10' title="bbox 321 2111 1557 2198; baseline -0.002 -20"><span class='ocrx_word' id='word_1_77' title='bbox 321 2113 429 2178; x_wconf 90' lang='lat' dir='ltr'>monis</span> <span class='ocrx_word' id='word_1_78' title='bbox 453 2111 566 2177; x_wconf 85' lang='lat' dir='ltr'>Graeci</span> <span class='ocrx_word' id='word_1_79' title='bbox 593 2115 739 2198; x_wconf 77' lang='lat' dir='ltr'>agnosci,</span> <span class='ocrx_word' id='word_1_80' title='bbox 763 2136 782 2176; x_wconf 90' lang='lat' dir='ltr'>a</span> <span class='ocrx_word' id='word_1_81' title='bbox 805 2118 918 2177; x_wconf 89' lang='lat' dir='ltr'>nostro</span> <span class='ocrx_word' id='word_1_82' title='bbox 941 2134 1030 2178; x_wconf 91' lang='lat' dir='ltr'>more</span> <span class='ocrx_word' id='word_1_83' title='bbox 1054 2113 1204 2177; x_wconf 87' lang='lat' dir='ltr'>alienam:</span> <span class='ocrx_word' id='word_1_84' title='bbox 1228 2113 1315 2197; x_wconf 91' lang='lat' dir='ltr'>quod</span> <span class='ocrx_word' id='word_1_85' title='bbox 1340 2134 1411 2178; x_wconf 89' lang='lat' dir='ltr'>cum</span> <span class='ocrx_word' id='word_1_86' title='bbox 1436 2113 1481 2177; x_wconf 84' lang='lat' dir='ltr'>ita</span> <span class='ocrx_word' id='word_1_87' title='bbox 1504 2113 1557 2197; x_wconf 87' lang='lat' dir='ltr'>sit,</span> 
     </span>
     <span class='ocr_line' id='line_1_11' title="bbox 322 2218 1597 2306; baseline 0.002 -22"><span class='ocrx_word' id='word_1_88' title='bbox 322 2242 361 2284; x_wconf 94' lang='lat' dir='ltr'>eo</span> <span class='ocrx_word' id='word_1_89' title='bbox 385 2220 489 2306; x_wconf 82' lang='lat' dir='ltr'>magis</span> <span class='ocrx_word' id='word_1_90' title='bbox 508 2219 684 2284; x_wconf 84' lang='lat' dir='ltr'>cavendum</span> <span class='ocrx_word' id='word_1_91' title='bbox 704 2224 762 2303; x_wconf 87' lang='lat' dir='ltr'>est,</span> <span class='ocrx_word' id='word_1_92' title='bbox 784 2241 824 2284; x_wconf 86' lang='lat' dir='ltr'>ne</span> <span class='ocrx_word' id='word_1_93' title='bbox 844 2220 930 2304; x_wconf 92' lang='lat' dir='ltr'>quod</span> <span class='ocrx_word' id='word_1_94' title='bbox 950 2241 1044 2303; x_wconf 86' lang='lat' dir='ltr'>saepe</span> <span class='ocrx_word' id='word_1_95' title='bbox 1063 2219 1133 2284; x_wconf 90' lang='lat' dir='ltr'>fieri</span> <span class='ocrx_word' id='word_1_96' title='bbox 1153 2218 1236 2284; x_wconf 93' lang='lat' dir='ltr'>solet</span> <span class='ocrx_word' id='word_1_97' title='bbox 1254 2225 1365 2284; x_wconf 92' lang='lat' dir='ltr'>nostro</span> <span class='ocrx_word' id='word_1_98' title='bbox 1385 2219 1555 2284; x_wconf 83' lang='lat' dir='ltr'>inducente</span> <span class='ocrx_word' id='word_1_99' title='bbox 1570 2246 1597 2287; x_wconf 82' lang='lat' dir='ltr'>ro</span> 
     </span>
     <span class='ocr_line' id='line_1_12' title="bbox 320 2327 853 2410; baseline -0.004 -19"><span class='ocrx_word' id='word_1_100' title='bbox 320 2349 419 2391; x_wconf 83' lang='lat' dir='ltr'>sensu</span> <span class='ocrx_word' id='word_1_101' title='bbox 442 2327 641 2410; x_wconf 88' lang='lat' dir='ltr'>abripiamur</span> <span class='ocrx_word' id='word_1_102' title='bbox 663 2328 698 2390; x_wconf 95' lang='lat' dir='ltr'>in</span> <span class='ocrx_word' id='word_1_103' title='bbox 721 2347 853 2390; x_wconf 87' lang='lat' dir='ltr'>errores.</span> 
     </span>
    </p>

    <p class='ocr_par' dir='ltr' id='par_1_4' title="bbox 316 2432 1596 3373">
     <span class='ocr_line' id='line_1_13' title="bbox 413 2432 1554 2518; baseline 0 -20"><span class='ocrx_word' id='word_1_104' title='bbox 413 2432 459 2499; x_wconf 93' lang='lat' dir='ltr'>Ut</span> <span class='ocrx_word' id='word_1_105' title='bbox 476 2433 644 2498; x_wconf 77' lang='lat' dir='ltr'>redeamus</span> <span class='ocrx_word' id='word_1_106' title='bbox 662 2433 792 2497; x_wconf 89' lang='lat' dir='ltr'>tandem</span> <span class='ocrx_word' id='word_1_107' title='bbox 811 2432 851 2496; x_wconf 89' lang='lat' dir='ltr'>ad</span> <span class='ocrx_word' id='word_1_108' title='bbox 870 2456 940 2497; x_wconf 89' lang='lat' dir='ltr'>eam</span> <span class='ocrx_word' id='word_1_109' title='bbox 960 2456 1058 2518; x_wconf 86' lang='lat' dir='ltr'>quam</span> <span class='ocrx_word' id='word_1_110' title='bbox 1077 2433 1251 2518; x_wconf 79' lang='lat' dir='ltr'>agebamus</span> <span class='ocrx_word' id='word_1_111' title='bbox 1270 2435 1473 2516; x_wconf 85' lang='lat' dir='ltr'>sententiam,</span> <span class='ocrx_word' id='word_1_112' title='bbox 1491 2435 1554 2498; x_wconf 90' lang='lat' dir='ltr'>iam</span> 
     </span>
     <span class='ocr_line' id='line_1_14' title="bbox 319 2537 1556 2628; baseline -0.002 -22"><span class='ocrx_word' id='word_1_113' title='bbox 319 2563 425 2624; x_wconf 91' lang='lat' dir='ltr'>nemo,</span> <span class='ocrx_word' id='word_1_114' title='bbox 439 2545 600 2625; x_wconf 86' lang='lat' dir='ltr'>putamus,</span> <span class='ocrx_word' id='word_1_115' title='bbox 610 2540 803 2605; x_wconf 88' lang='lat' dir='ltr'>infitiabitur</span> <span class='ocrx_word' id='word_1_116' title='bbox 812 2539 910 2604; x_wconf 86' lang='lat' dir='ltr'>verba</span> <span class='ocrx_word' id='word_1_117' title='bbox 923 2537 1102 2625; x_wconf 74' lang='grc' dir='ltr'><em>ἐπιχώριον</em></span> <span class='ocrx_word' id='word_1_118' title='bbox 1111 2541 1200 2628; x_wconf 78' lang='grc' dir='ltr'><strong><em>αὐτῷ</em></strong></span> <span class='ocrx_word' id='word_1_119' title='bbox 1212 2540 1325 2628; x_wconf 81' lang='grc' dir='ltr'><em>ἐκείνῳ</em></span> <span class='ocrx_word' id='word_1_120' title='bbox 1340 2545 1425 2606; x_wconf 90' lang='lat' dir='ltr'>recte</span> <span class='ocrx_word' id='word_1_121' title='bbox 1436 2541 1556 2625; x_wconf 87' lang='lat' dir='ltr'>scripta</span> 
     </span>
     <span class='ocr_line' id='line_1_15' title="bbox 318 2646 1555 2733; baseline 0 -21"><span class='ocrx_word' id='word_1_122' title='bbox 318 2653 355 2712; x_wconf 89' lang='lat' dir='ltr'>et</span> <span class='ocrx_word' id='word_1_123' title='bbox 373 2669 446 2712; x_wconf 92' lang='lat' dir='ltr'>eum</span> <span class='ocrx_word' id='word_1_124' title='bbox 466 2670 561 2731; x_wconf 89' lang='lat' dir='ltr'>quem</span> <span class='ocrx_word' id='word_1_125' title='bbox 581 2646 659 2712; x_wconf 87' lang='lat' dir='ltr'>haec</span> <span class='ocrx_word' id='word_1_126' title='bbox 683 2648 875 2731; x_wconf 88' lang='lat' dir='ltr'>pronomina</span> <span class='ocrx_word' id='word_1_127' title='bbox 893 2647 1063 2733; x_wconf 78' lang='lat' dir='ltr'>designant</span> <span class='ocrx_word' id='word_1_128' title='bbox 1082 2648 1209 2714; x_wconf 83' lang='lat' dir='ltr'>defectu</span> <span class='ocrx_word' id='word_1_129' title='bbox 1230 2649 1385 2712; x_wconf 89' lang='lat' dir='ltr'>orationis</span> <span class='ocrx_word' id='word_1_130' title='bbox 1404 2647 1555 2712; x_wconf 87' lang='lat' dir='ltr'>haustum</span> 
     </span>
     <span class='ocr_line' id='line_1_16' title="bbox 317 2753 1554 2839; baseline 0 -19"><span class='ocrx_word' id='word_1_131' title='bbox 317 2777 399 2820; x_wconf 84' lang='lat' dir='ltr'>esse.</span> <span class='ocrx_word' id='word_1_132' title='bbox 432 2753 504 2820; x_wconf 89' lang='lat' dir='ltr'>Hoc</span> <span class='ocrx_word' id='word_1_133' title='bbox 522 2755 608 2818; x_wconf 87' lang='lat' dir='ltr'>enim</span> <span class='ocrx_word' id='word_1_134' title='bbox 627 2755 773 2838; x_wconf 85' lang='lat' dir='ltr'>exempla</span> <span class='ocrx_word' id='word_1_135' title='bbox 792 2754 979 2836; x_wconf 91' lang='lat' dir='ltr'>docuerunt,</span> <span class='ocrx_word' id='word_1_136' title='bbox 998 2776 1070 2819; x_wconf 92' lang='lat' dir='ltr'>eum</span> <span class='ocrx_word' id='word_1_137' title='bbox 1089 2756 1141 2819; x_wconf 84' lang='lat' dir='ltr'>vel</span> <span class='ocrx_word' id='word_1_138' title='bbox 1159 2776 1224 2836; x_wconf 91' lang='lat' dir='ltr'>eos,</span> <span class='ocrx_word' id='word_1_139' title='bbox 1243 2777 1380 2839; x_wconf 87' lang='lat' dir='ltr'>quorum</span> <span class='ocrx_word' id='word_1_140' title='bbox 1401 2755 1462 2818; x_wconf 85' lang='lat' dir='ltr'>ista</span> <span class='ocrx_word' id='word_1_141' title='bbox 1481 2776 1554 2839; x_wconf 92' lang='lat' dir='ltr'>pro·</span> 
     </span>
     <span class='ocr_line' id='line_1_17' title="bbox 319 2861 1555 2947; baseline -0.002 -21"><span class='ocrx_word' id='word_1_142' title='bbox 319 2862 453 2926; x_wconf 88' lang='lat' dir='ltr'>nomina</span> <span class='ocrx_word' id='word_1_143' title='bbox 461 2862 620 2947; x_wconf 85' lang='lat' dir='ltr'>legentem</span> <span class='ocrx_word' id='word_1_144' title='bbox 630 2861 812 2943; x_wconf 87' lang='lat' dir='ltr'>admonent,</span> <span class='ocrx_word' id='word_1_145' title='bbox 827 2865 909 2942; x_wconf 86' lang='lat' dir='ltr'>ante,</span> <span class='ocrx_word' id='word_1_146' title='bbox 923 2882 1018 2945; x_wconf 86' lang='lat' dir='ltr'>saepe</span> <span class='ocrx_word' id='word_1_147' title='bbox 1032 2861 1177 2945; x_wconf 85' lang='lat' dir='ltr'>proxime</span> <span class='ocrx_word' id='word_1_148' title='bbox 1191 2867 1265 2926; x_wconf 90' lang='lat' dir='ltr'>ante</span> <span class='ocrx_word' id='word_1_149' title='bbox 1279 2863 1463 2926; x_wconf 90' lang='lat' dir='ltr'>nominatos</span> <span class='ocrx_word' id='word_1_150' title='bbox 1477 2884 1555 2926; x_wconf 85' lang='lat' dir='ltr'>esse.</span> 
     </span>
     <span class='ocr_line' id='line_1_18' title="bbox 319 2966 1555 3052; baseline -0.001 -19"><span class='ocrx_word' id='word_1_151' title='bbox 319 2966 436 3052; x_wconf 83' lang='lat' dir='ltr'>Itaque</span> <span class='ocrx_word' id='word_1_152' title='bbox 453 2968 516 3033; x_wconf 92' lang='lat' dir='ltr'>hoc</span> <span class='ocrx_word' id='word_1_153' title='bbox 534 2970 664 3032; x_wconf 93' lang='lat' dir='ltr'>nomine</span> <span class='ocrx_word' id='word_1_154' title='bbox 679 2990 744 3032; x_wconf 94' lang='lat' dir='ltr'>non</span> <span class='ocrx_word' id='word_1_155' title='bbox 764 2971 873 3052; x_wconf 86' lang='lat' dir='ltr'>inepta</span> <span class='ocrx_word' id='word_1_156' title='bbox 887 2972 988 3050; x_wconf 89' lang='lat' dir='ltr'>erant,</span> <span class='ocrx_word' id='word_1_157' title='bbox 1007 2990 1087 3051; x_wconf 87' lang='lat' dir='ltr'>quae</span> <span class='ocrx_word' id='word_1_158' title='bbox 1106 2989 1165 3032; x_wconf 86' lang='lat' dir='ltr'>nos</span> <span class='ocrx_word' id='word_1_159' title='bbox 1181 2967 1260 3032; x_wconf 92' lang='lat' dir='ltr'>olim</span> <span class='ocrx_word' id='word_1_160' title='bbox 1274 2990 1555 3052; x_wconf 86' lang='lat' dir='ltr'>proposueramus,</span> 
     </span>
     <span class='ocr_line' id='line_1_19' title="bbox 320 3071 1554 3162; baseline 0 -23"><span class='ocrx_word' id='word_1_161' title='bbox 320 3071 423 3162; x_wconf 76' lang='grc' dir='ltr'>(τῷδὲ</span> <span class='ocrx_word' id='word_1_162' title='bbox 436 3075 517 3161; x_wconf 79' lang='grc' dir='ltr'><em>ξένῳ</em></span> <span class='ocrx_word' id='word_1_163' title='bbox 526 3075 737 3150; x_wconf 76' lang='grc' dir='ltr'>ἀποδιδόναι)</span> <span class='ocrx_word' id='word_1_164' title='bbox 747 3076 808 3157; x_wconf 84' lang='grc' dir='ltr'>τὴν</span> <span class='ocrx_word' id='word_1_165' title='bbox 815 3073 994 3159; x_wconf 80' lang='grc' dir='ltr'><em>ἐπιχώριον</em></span> <span class='ocrx_word' id='word_1_166' title='bbox 1002 3075 1091 3162; x_wconf 81' lang='grc' dir='ltr'><strong><em>αὐτῷ</em></strong></span> <span class='ocrx_word' id='word_1_167' title='bbox 1097 3073 1223 3162; x_wconf 77' lang='grc' dir='ltr'><em>ἐκείνῳ,</em></span> <span class='ocrx_word' id='word_1_168' title='bbox 1231 3080 1263 3139; x_wconf 90' lang='lat' dir='ltr'>et</span> <span class='ocrx_word' id='word_1_169' title='bbox 1270 3074 1349 3139; x_wconf 87' lang='lat' dir='ltr'>haec</span> <span class='ocrx_word' id='word_1_170' title='bbox 1357 3080 1442 3139; x_wconf 81' lang='lat' dir='ltr'>certe</span> <span class='ocrx_word' id='word_1_171' title='bbox 1450 3097 1554 3139; x_wconf 92' lang='lat' dir='ltr'>emen·</span> 
     </span>
     <span class='ocr_line' id='line_1_20' title="bbox 316 3180 1555 3266; baseline 0.002 -21"><span class='ocrx_word' id='word_1_172' title='bbox 316 3180 418 3246; x_wconf 83' lang='lat' dir='ltr'>dandi</span> <span class='ocrx_word' id='word_1_173' title='bbox 427 3182 511 3246; x_wconf 88' lang='lat' dir='ltr'>ratio</span> <span class='ocrx_word' id='word_1_174' title='bbox 521 3180 705 3265; x_wconf 88' lang='lat' dir='ltr'>praestabat</span> <span class='ocrx_word' id='word_1_175' title='bbox 716 3181 764 3263; x_wconf 92' lang='lat' dir='ltr'>iis,</span> <span class='ocrx_word' id='word_1_176' title='bbox 775 3203 856 3264; x_wconf 89' lang='lat' dir='ltr'>quae</span> <span class='ocrx_word' id='word_1_177' title='bbox 866 3180 1060 3264; x_wconf 83' lang='lat' dir='ltr'>Bernaysius</span> <span class='ocrx_word' id='word_1_178' title='bbox 1071 3184 1145 3245; x_wconf 86' lang='lat' dir='ltr'>ante</span> <span class='ocrx_word' id='word_1_179' title='bbox 1155 3203 1213 3245; x_wconf 90' lang='lat' dir='ltr'>nos</span> <span class='ocrx_word' id='word_1_180' title='bbox 1229 3185 1412 3265; x_wconf 86' lang='lat' dir='ltr'>temptarat,</span> <span class='ocrx_word' id='word_1_181' title='bbox 1427 3187 1459 3246; x_wconf 91' lang='lat' dir='ltr'>et</span> <span class='ocrx_word' id='word_1_182' title='bbox 1473 3204 1555 3266; x_wconf 86' lang='lat' dir='ltr'>quae</span> 
     </span>
     <span class='ocr_line' id='line_1_21' title="bbox 316 3287 1596 3373; baseline 0.004 -20"><span class='ocrx_word' id='word_1_183' title='bbox 316 3292 435 3373; x_wconf 87' lang='lat' dir='ltr'>postea</span> <span class='ocrx_word' id='word_1_184' title='bbox 442 3287 618 3370; x_wconf 86' lang='lat' dir='ltr'>Kaibelius,</span> <span class='ocrx_word' id='word_1_185' title='bbox 627 3288 682 3372; x_wconf 92' lang='lat' dir='ltr'>qui</span> <span class='ocrx_word' id='word_1_186' title='bbox 692 3310 732 3352; x_wconf 94' lang='lat' dir='ltr'>ne</span> <span class='ocrx_word' id='word_1_187' title='bbox 742 3288 925 3353; x_wconf 87' lang='lat' dir='ltr'>admonitus</span> <span class='ocrx_word' id='word_1_188' title='bbox 933 3287 1062 3371; x_wconf 92' lang='lat' dir='ltr'>quidem</span> <span class='ocrx_word' id='word_1_189' title='bbox 1071 3309 1105 3353; x_wconf 89' lang='lat' dir='ltr'>se</span> <span class='ocrx_word' id='word_1_190' title='bbox 1115 3287 1332 3353; x_wconf 83' lang='lat' dir='ltr'>retineriavia</span> <span class='ocrx_word' id='word_1_191' title='bbox 1339 3288 1431 3353; x_wconf 81' lang='lat' dir='ltr'>devia</span> <span class='ocrx_word' id='word_1_192' title='bbox 1441 3289 1554 3355; x_wconf 81' lang='lat' dir='ltr'>voluit.</span> <span class='ocrx_word' id='word_1_193' title='bbox 1569 3318 1596 3359; x_wconf 83' lang='lat' dir='ltr'>ro</span> 
     </span>
    </p>

    <p class='ocr_par' dir='ltr' id='par_1_5' title="bbox 293 3393 1595 4443">
     <span class='ocr_line' id='line_1_22' title="bbox 410 3393 1556 3481; baseline 0.004 -23"><span class='ocrx_word' id='word_1_194' title='bbox 410 3393 456 3460; x_wconf 81' lang='lat' dir='ltr'>At</span> <span class='ocrx_word' id='word_1_195' title='bbox 478 3418 563 3479; x_wconf 87' lang='lat' dir='ltr'>vero,</span> <span class='ocrx_word' id='word_1_196' title='bbox 586 3402 620 3460; x_wconf 78' lang='lat' dir='ltr'>ut</span> <span class='ocrx_word' id='word_1_197' title='bbox 643 3398 747 3461; x_wconf 79' lang='lat' dir='ltr'>vincto</span> <span class='ocrx_word' id='word_1_198' title='bbox 769 3402 882 3478; x_wconf 72' lang='lat' dir='ltr'>eqourct</span> <span class='ocrx_word' id='word_1_199' title='bbox 904 3398 1031 3462; x_wconf 82' lang='lat' dir='ltr'>caedam</span> <span class='ocrx_word' id='word_1_200' title='bbox 1056 3418 1133 3475; x_wconf 71' lang='lat' dir='ltr'>enea,</span> <span class='ocrx_word' id='word_1_201' title='bbox 1156 3398 1264 3481; x_wconf 91' lang='lat' dir='ltr'>inquit</span> <span class='ocrx_word' id='word_1_202' title='bbox 1286 3396 1453 3481; x_wconf 90' lang='lat' dir='ltr'>Horatius,</span> <span class='ocrx_word' id='word_1_203' title='bbox 1476 3397 1556 3463; x_wconf 84' lang='lat' dir='ltr'>fate·</span> 
     </span>
     <span class='ocr_line' id='line_1_23' title="bbox 317 3502 1555 3589; baseline 0.001 -21"><span class='ocrx_word' id='word_1_204' title='bbox 317 3525 394 3568; x_wconf 89' lang='lat' dir='ltr'>mur</span> <span class='ocrx_word' id='word_1_205' title='bbox 411 3502 446 3567; x_wconf 94' lang='lat' dir='ltr'>in</span> <span class='ocrx_word' id='word_1_206' title='bbox 465 3502 530 3567; x_wconf 87' lang='lat' dir='ltr'>illis</span> <span class='ocrx_word' id='word_1_207' title='bbox 549 3525 677 3587; x_wconf 90' lang='lat' dir='ltr'>quoque</span> <span class='ocrx_word' id='word_1_208' title='bbox 701 3509 841 3568; x_wconf 86' lang='lat' dir='ltr'>erratum</span> <span class='ocrx_word' id='word_1_209' title='bbox 865 3526 935 3569; x_wconf 89' lang='lat' dir='ltr'>esse</span> <span class='ocrx_word' id='word_1_210' title='bbox 953 3526 1057 3589; x_wconf 90' lang='lat' dir='ltr'>neque</span> <span class='ocrx_word' id='word_1_211' title='bbox 1082 3526 1119 3569; x_wconf 89' lang='lat' dir='ltr'>ea</span> <span class='ocrx_word' id='word_1_212' title='bbox 1138 3509 1223 3569; x_wconf 89' lang='lat' dir='ltr'>stare</span> <span class='ocrx_word' id='word_1_213' title='bbox 1242 3526 1345 3589; x_wconf 90' lang='lat' dir='ltr'>posse.</span> <span class='ocrx_word' id='word_1_214' title='bbox 1380 3504 1482 3589; x_wconf 85' lang='lat' dir='ltr'>Saepe</span> <span class='ocrx_word' id='word_1_215' title='bbox 1501 3505 1555 3571; x_wconf 84' lang='lat' dir='ltr'>ad·</span> 
     </span>
     <span class='ocr_line' id='line_1_24' title="bbox 293 3610 1555 3697; baseline -0.001 -19"><span class='ocrx_word' id='word_1_216' title='bbox 293 3672 296 3678; x_wconf 90' lang='lat'>.</span> <span class='ocrx_word' id='word_1_217' title='bbox 317 3610 505 3675; x_wconf 89' lang='lat' dir='ltr'>monuimus</span> <span class='ocrx_word' id='word_1_218' title='bbox 519 3610 748 3691; x_wconf 84' lang='lat' dir='ltr'>adulescentes,</span> <span class='ocrx_word' id='word_1_219' title='bbox 763 3632 901 3694; x_wconf 89' lang='lat' dir='ltr'>quorum</span> <span class='ocrx_word' id='word_1_220' title='bbox 911 3610 1018 3675; x_wconf 90' lang='lat' dir='ltr'>studia</span> <span class='ocrx_word' id='word_1_221' title='bbox 1027 3633 1137 3697; x_wconf 80' lang='lat' dir='ltr'>regere</span> <span class='ocrx_word' id='word_1_222' title='bbox 1147 3612 1337 3695; x_wconf 88' lang='lat' dir='ltr'>solebamus,</span> <span class='ocrx_word' id='word_1_223' title='bbox 1352 3614 1432 3676; x_wconf 92' lang='lat' dir='ltr'>utin</span> <span class='ocrx_word' id='word_1_224' title='bbox 1443 3634 1555 3677; x_wconf 89' lang='lat' dir='ltr'>manca</span> 
     </span>
     <span class='ocr_line' id='line_1_25' title="bbox 319 3718 1555 3801; baseline 0.004 -22"><span class='ocrx_word' id='word_1_225' title='bbox 319 3718 468 3781; x_wconf 88' lang='lat' dir='ltr'>oratione</span> <span class='ocrx_word' id='word_1_226' title='bbox 483 3738 554 3781; x_wconf 91' lang='lat' dir='ltr'>cum</span> <span class='ocrx_word' id='word_1_227' title='bbox 570 3718 794 3800; x_wconf 89' lang='lat' dir='ltr'>supplementa</span> <span class='ocrx_word' id='word_1_228' title='bbox 809 3723 1008 3801; x_wconf 88' lang='lat' dir='ltr'>quaeruntur</span> <span class='ocrx_word' id='word_1_229' title='bbox 1022 3723 1154 3782; x_wconf 84' lang='lat' dir='ltr'>caveant</span> <span class='ocrx_word' id='word_1_230' title='bbox 1168 3741 1209 3782; x_wconf 92' lang='lat' dir='ltr'>ne</span> <span class='ocrx_word' id='word_1_231' title='bbox 1228 3719 1372 3783; x_wconf 86' lang='lat' dir='ltr'>addendo</span> <span class='ocrx_word' id='word_1_232' title='bbox 1393 3718 1490 3784; x_wconf 90' lang='lat' dir='ltr'>simul</span> <span class='ocrx_word' id='word_1_233' title='bbox 1504 3741 1555 3785; x_wconf 90' lang='lat' dir='ltr'>co-</span> 
     </span>
     <span class='ocr_line' id='line_1_26' title="bbox 318 3824 1554 3911; baseline 0.003 -25"><span class='ocrx_word' id='word_1_234' title='bbox 318 3828 441 3910; x_wconf 81' lang='lat' dir='ltr'>gantur</span> <span class='ocrx_word' id='word_1_235' title='bbox 454 3845 582 3888; x_wconf 83' lang='lat' dir='ltr'>movere</span> <span class='ocrx_word' id='word_1_236' title='bbox 597 3845 679 3907; x_wconf 87' lang='lat' dir='ltr'>quae</span> <span class='ocrx_word' id='word_1_237' title='bbox 693 3824 811 3888; x_wconf 89' lang='lat' dir='ltr'>tradita</span> <span class='ocrx_word' id='word_1_238' title='bbox 825 3829 966 3888; x_wconf 85' lang='lat' dir='ltr'>exstant:</span> <span class='ocrx_word' id='word_1_239' title='bbox 986 3824 1108 3889; x_wconf 91' lang='lat' dir='ltr'>nullam</span> <span class='ocrx_word' id='word_1_240' title='bbox 1123 3848 1217 3908; x_wconf 91' lang='lat' dir='ltr'>posse</span> <span class='ocrx_word' id='word_1_241' title='bbox 1232 3826 1329 3889; x_wconf 90' lang='lat' dir='ltr'>fidem</span> <span class='ocrx_word' id='word_1_242' title='bbox 1344 3825 1462 3890; x_wconf 87' lang='lat' dir='ltr'>babere</span> <span class='ocrx_word' id='word_1_243' title='bbox 1480 3849 1554 3911; x_wconf 89' lang='lat' dir='ltr'>sup-</span> 
     </span>
     <span class='ocr_line' id='line_1_27' title="bbox 318 3930 1553 4017; baseline 0.002 -22"><span class='ocrx_word' id='word_1_244' title='bbox 318 3931 482 4014; x_wconf 84' lang='lat' dir='ltr'>plementa</span> <span class='ocrx_word' id='word_1_245' title='bbox 501 3952 583 4014; x_wconf 90' lang='lat' dir='ltr'>quae</span> <span class='ocrx_word' id='word_1_246' title='bbox 596 3931 658 3995; x_wconf 85' lang='lat' dir='ltr'>hac</span> <span class='ocrx_word' id='word_1_247' title='bbox 671 3930 859 3995; x_wconf 88' lang='lat' dir='ltr'>condicione</span> <span class='ocrx_word' id='word_1_248' title='bbox 874 3932 1014 3995; x_wconf 90' lang='lat' dir='ltr'>orationi</span> <span class='ocrx_word' id='word_1_249' title='bbox 1028 3932 1237 3996; x_wconf 86' lang='lat' dir='ltr'>inculcentur.</span> <span class='ocrx_word' id='word_1_250' title='bbox 1261 3931 1333 3997; x_wconf 90' lang='lat' dir='ltr'>Hoc</span> <span class='ocrx_word' id='word_1_251' title='bbox 1346 3937 1553 4017; x_wconf 89' lang='lat' dir='ltr'>praeceptum</span> 
     </span>
     <span class='ocr_line' id='line_1_28' title="bbox 318 4036 1553 4123; baseline 0.002 -22"><span class='ocrx_word' id='word_1_252' title='bbox 318 4058 340 4101; x_wconf 85' lang='lat' dir='ltr'>a</span> <span class='ocrx_word' id='word_1_253' title='bbox 357 4037 452 4103; x_wconf 90' lang='lat' dir='ltr'>nobis</span> <span class='ocrx_word' id='word_1_254' title='bbox 471 4038 644 4123; x_wconf 84' lang='lat' dir='ltr'>migratum</span> <span class='ocrx_word' id='word_1_255' title='bbox 663 4043 721 4103; x_wconf 87' lang='lat' dir='ltr'>est.</span> <span class='ocrx_word' id='word_1_256' title='bbox 744 4036 782 4101; x_wconf 93' lang='lat' dir='ltr'>ln</span> <span class='ocrx_word' id='word_1_257' title='bbox 802 4039 873 4102; x_wconf 90' lang='lat' dir='ltr'>istis</span> <span class='ocrx_word' id='word_1_258' title='bbox 892 4039 977 4102; x_wconf 88' lang='lat' dir='ltr'>enim</span> <span class='ocrx_word' id='word_1_259' title='bbox 997 4038 1223 4103; x_wconf 87' lang='lat' dir='ltr'>additamentis</span> <span class='ocrx_word' id='word_1_260' title='bbox 1243 4036 1278 4103; x_wconf 75' lang='lat' dir='ltr'>ol</span> <span class='ocrx_word' id='word_1_261' title='bbox 1298 4039 1466 4123; x_wconf 87' lang='lat' dir='ltr'>particula,</span> <span class='ocrx_word' id='word_1_262' title='bbox 1485 4043 1553 4103; x_wconf 87' lang='lat' dir='ltr'>tan-</span> 
     </span>
     <span class='ocr_line' id='line_1_29' title="bbox 319 4143 1553 4231; baseline 0 -21"><span class='ocrx_word' id='word_1_263' title='bbox 319 4146 390 4210; x_wconf 84' lang='lat' dir='ltr'>tula</span> <span class='ocrx_word' id='word_1_264' title='bbox 403 4166 476 4228; x_wconf 87' lang='lat' dir='ltr'>vox,</span> <span class='ocrx_word' id='word_1_265' title='bbox 494 4143 642 4229; x_wconf 81' lang='lat' dir='ltr'>neglecta</span> <span class='ocrx_word' id='word_1_266' title='bbox 656 4149 720 4228; x_wconf 91' lang='lat' dir='ltr'>est;</span> <span class='ocrx_word' id='word_1_267' title='bbox 735 4167 816 4229; x_wconf 90' lang='lat' dir='ltr'>quae</span> <span class='ocrx_word' id='word_1_268' title='bbox 831 4145 917 4229; x_wconf 91' lang='lat' dir='ltr'>quod</span> <span class='ocrx_word' id='word_1_269' title='bbox 932 4144 1113 4210; x_wconf 88' lang='lat' dir='ltr'>abiicienda</span> <span class='ocrx_word' id='word_1_270' title='bbox 1126 4166 1191 4209; x_wconf 94' lang='lat' dir='ltr'>non</span> <span class='ocrx_word' id='word_1_271' title='bbox 1206 4146 1278 4229; x_wconf 85' lang='lat' dir='ltr'>fuit,</span> <span class='ocrx_word' id='word_1_272' title='bbox 1291 4145 1355 4209; x_wconf 92' lang='lat' dir='ltr'>nisi</span> <span class='ocrx_word' id='word_1_273' title='bbox 1370 4150 1553 4231; x_wconf 88' lang='lat' dir='ltr'>propterea</span> 
     </span>
     <span class='ocr_line' id='line_1_30' title="bbox 318 4250 1553 4337; baseline 0.001 -21"><span class='ocrx_word' id='word_1_274' title='bbox 318 4273 403 4336; x_wconf 85' lang='lat' dir='ltr'>quae</span> <span class='ocrx_word' id='word_1_275' title='bbox 417 4250 478 4336; x_wconf 91' lang='lat' dir='ltr'>ipsi</span> <span class='ocrx_word' id='word_1_276' title='bbox 494 4252 677 4334; x_wconf 88' lang='lat' dir='ltr'>adiecimus,</span> <span class='ocrx_word' id='word_1_277' title='bbox 697 4252 886 4337; x_wconf 81' lang='lat' dir='ltr'>gravissima</span> <span class='ocrx_word' id='word_1_278' title='bbox 900 4254 992 4316; x_wconf 89' lang='lat' dir='ltr'>testis</span> <span class='ocrx_word' id='word_1_279' title='bbox 1007 4252 1141 4336; x_wconf 84' lang='lat' dir='ltr'>exst&#39;tit,</span> <span class='ocrx_word' id='word_1_280' title='bbox 1157 4252 1304 4336; x_wconf 87' lang='lat' dir='ltr'>quamvis</span> <span class='ocrx_word' id='word_1_281' title='bbox 1319 4254 1496 4317; x_wconf 88' lang='lat' dir='ltr'>iustissima</span> <span class='ocrx_word' id='word_1_282' title='bbox 1510 4254 1553 4317; x_wconf 89' lang='lat' dir='ltr'>sit</span> 
     </span>
     <span class='ocr_line' id='line_1_31' title="bbox 317 4358 1595 4443; baseline 0.003 -21"><span class='ocrx_word' id='word_1_283' title='bbox 317 4358 492 4443; x_wconf 84' lang='lat' dir='ltr'>sententia,</span> <span class='ocrx_word' id='word_1_284' title='bbox 520 4360 697 4423; x_wconf 88' lang='lat' dir='ltr'>orationem</span> <span class='ocrx_word' id='word_1_285' title='bbox 721 4380 828 4423; x_wconf 81' lang='lat' dir='ltr'>veram</span> <span class='ocrx_word' id='word_1_286' title='bbox 851 4380 916 4423; x_wconf 94' lang='lat' dir='ltr'>non</span> <span class='ocrx_word' id='word_1_287' title='bbox 940 4380 1009 4423; x_wconf 86' lang='lat' dir='ltr'>esse</span> <span class='ocrx_word' id='word_1_288' title='bbox 1037 4360 1107 4424; x_wconf 89' lang='lat' dir='ltr'>istis</span> <span class='ocrx_word' id='word_1_289' title='bbox 1131 4359 1364 4443; x_wconf 89' lang='lat' dir='ltr'>supplementis</span> <span class='ocrx_word' id='word_1_290' title='bbox 1387 4365 1595 4427; x_wconf 67' lang='lat' dir='ltr'>reuertamur</span> 
     </span>
    </p>

    <p class='ocr_par' dir='ltr' id='par_1_6' title="bbox 315 4463 1554 5086">
     <span class='ocr_line' id='line_1_32' title="bbox 409 4463 1552 4551; baseline 0.002 -22"><span class='ocrx_word' id='word_1_291' title='bbox 409 4463 523 4550; x_wconf 79' lang='lat' dir='ltr'>Itaque</span> <span class='ocrx_word' id='word_1_292' title='bbox 545 4466 604 4530; x_wconf 80' lang='lat' dir='ltr'>boc</span> <span class='ocrx_word' id='word_1_293' title='bbox 626 4487 689 4530; x_wconf 77' lang='lat' dir='ltr'>nou</span> <span class='ocrx_word' id='word_1_294' title='bbox 711 4468 861 4544; x_wconf 70' lang='lat' dir='ltr'>secessu,</span> <span class='ocrx_word' id='word_1_295' title='bbox 885 4467 953 4531; x_wconf 84' lang='lat' dir='ltr'>alio</span> <span class='ocrx_word' id='word_1_296' title='bbox 973 4467 1197 4549; x_wconf 73' lang='lat' dir='ltr'>upprediomur</span> <span class='ocrx_word' id='word_1_297' title='bbox 1220 4468 1281 4544; x_wconf 83' lang='lat' dir='ltr'>oio,</span> <span class='ocrx_word' id='word_1_298' title='bbox 1305 4470 1341 4529; x_wconf 89' lang='lat' dir='ltr'>ut</span> <span class='ocrx_word' id='word_1_299' title='bbox 1365 4468 1411 4531; x_wconf 91' lang='lat' dir='ltr'>ait</span> <span class='ocrx_word' id='word_1_300' title='bbox 1430 4465 1552 4551; x_wconf 79' lang='lat' dir='ltr'>Davus3</span> 
     </span>
     <span class='ocr_line' id='line_1_33' title="bbox 317 4573 1554 4657; baseline 0.001 -19"><span class='ocrx_word' id='word_1_301' title='bbox 317 4594 514 4657; x_wconf 86' lang='lat' dir='ltr'>quamquam</span> <span class='ocrx_word' id='word_1_302' title='bbox 534 4574 619 4637; x_wconf 80' lang='lat' dir='ltr'>viam</span> <span class='ocrx_word' id='word_1_303' title='bbox 638 4574 769 4638; x_wconf 91' lang='lat' dir='ltr'>omnino</span> <span class='ocrx_word' id='word_1_304' title='bbox 788 4573 920 4637; x_wconf 88' lang='lat' dir='ltr'>eandem</span> <span class='ocrx_word' id='word_1_305' title='bbox 940 4573 1148 4639; x_wconf 88' lang='lat' dir='ltr'>insistendam</span> <span class='ocrx_word' id='word_1_306' title='bbox 1168 4574 1323 4656; x_wconf 76' lang='lat' dir='ltr'>ducimuS,</span> <span class='ocrx_word' id='word_1_307' title='bbox 1342 4596 1411 4638; x_wconf 86' lang='lat' dir='ltr'>eam</span> <span class='ocrx_word' id='word_1_308' title='bbox 1430 4574 1554 4639; x_wconf 86' lang='lat' dir='ltr'>scilicet</span> 
     </span>
     <span class='ocr_line' id='line_1_34' title="bbox 316 4680 1553 4765; baseline 0.001 -21"><span class='ocrx_word' id='word_1_309' title='bbox 316 4702 384 4764; x_wconf 88' lang='lat' dir='ltr'>qua</span> <span class='ocrx_word' id='word_1_310' title='bbox 407 4680 476 4744; x_wconf 88' lang='lat' dir='ltr'>fieri</span> <span class='ocrx_word' id='word_1_311' title='bbox 500 4682 603 4764; x_wconf 89' lang='lat' dir='ltr'>possit</span> <span class='ocrx_word' id='word_1_312' title='bbox 626 4686 662 4744; x_wconf 91' lang='lat' dir='ltr'>ut</span> <span class='ocrx_word' id='word_1_313' title='bbox 686 4680 783 4758; x_wconf 80' lang='grc' dir='ltr'><em>ξένου</em></span> <span class='ocrx_word' id='word_1_314' title='bbox 807 4682 911 4763; x_wconf 90' lang='lat' dir='ltr'>noti0,</span> <span class='ocrx_word' id='word_1_315' title='bbox 936 4703 1034 4763; x_wconf 89' lang='lat' dir='ltr'>quam</span> <span class='ocrx_word' id='word_1_316' title='bbox 1058 4681 1170 4745; x_wconf 87' lang='lat' dir='ltr'>abesse</span> <span class='ocrx_word' id='word_1_317' title='bbox 1197 4702 1261 4745; x_wconf 80' lang='lat' dir='ltr'>non</span> <span class='ocrx_word' id='word_1_318' title='bbox 1285 4702 1379 4765; x_wconf 90' lang='lat' dir='ltr'>posse</span> <span class='ocrx_word' id='word_1_319' title='bbox 1404 4681 1553 4765; x_wconf 85' lang='lat' dir='ltr'>diximus,</span> 
     </span>
     <span class='ocr_line' id='line_1_35' title="bbox 315 4787 1553 4874; baseline 0.001 -24"><span class='ocrx_word' id='word_1_320' title='bbox 315 4794 396 4872; x_wconf 84' lang='lat' dir='ltr'>apta</span> <span class='ocrx_word' id='word_1_321' title='bbox 418 4787 564 4852; x_wconf 88' lang='lat' dir='ltr'>oratione</span> <span class='ocrx_word' id='word_1_322' title='bbox 588 4793 620 4852; x_wconf 92' lang='lat' dir='ltr'>et</span> <span class='ocrx_word' id='word_1_323' title='bbox 644 4810 725 4871; x_wconf 88' lang='lat' dir='ltr'>quae</span> <span class='ocrx_word' id='word_1_324' title='bbox 744 4787 871 4851; x_wconf 87' lang='lat' dir='ltr'>traditis</span> <span class='ocrx_word' id='word_1_325' title='bbox 890 4787 998 4851; x_wconf 85' lang='lat' dir='ltr'>verbis</span> <span class='ocrx_word' id='word_1_326' title='bbox 1017 4792 1128 4871; x_wconf 87' lang='lat' dir='ltr'>parcat</span> <span class='ocrx_word' id='word_1_327' title='bbox 1146 4789 1328 4871; x_wconf 89' lang='lat' dir='ltr'>recipiatur.</span> <span class='ocrx_word' id='word_1_328' title='bbox 1362 4787 1432 4852; x_wconf 90' lang='lat' dir='ltr'>Hoc</span> <span class='ocrx_word' id='word_1_329' title='bbox 1452 4788 1553 4874; x_wconf 80' lang='lat' dir='ltr'>igitur</span> 
     </span>
     <span class='ocr_line' id='line_1_36' title="bbox 315 4893 1551 4981; baseline 0.002 -24"><span class='ocrx_word' id='word_1_330' title='bbox 315 4893 450 4958; x_wconf 80' lang='lat' dir='ltr'>videant</span> <span class='ocrx_word' id='word_1_331' title='bbox 473 4894 496 4958; x_wconf 92' lang='lat' dir='ltr'>ii</span> <span class='ocrx_word' id='word_1_332' title='bbox 520 4895 546 4958; x_wconf 87' lang='lat' dir='ltr'>si</span> <span class='ocrx_word' id='word_1_333' title='bbox 572 4895 627 4978; x_wconf 87' lang='lat' dir='ltr'>qui</span> <span class='ocrx_word' id='word_1_334' title='bbox 651 4893 730 4957; x_wconf 90' lang='lat' dir='ltr'>haec</span> <span class='ocrx_word' id='word_1_335' title='bbox 753 4894 863 4979; x_wconf 82' lang='lat' dir='ltr'>legent</span> <span class='ocrx_word' id='word_1_336' title='bbox 886 4900 995 4958; x_wconf 90' lang='lat' dir='ltr'>utrum</span> <span class='ocrx_word' id='word_1_337' title='bbox 1019 4916 1104 4958; x_wconf 89' lang='lat' dir='ltr'>nunc</span> <span class='ocrx_word' id='word_1_338' title='bbox 1128 4896 1223 4959; x_wconf 92' lang='lat' dir='ltr'>nobis</span> <span class='ocrx_word' id='word_1_339' title='bbox 1247 4897 1419 4981; x_wconf 82' lang='lat' dir='ltr'>contigerit</span> <span class='ocrx_word' id='word_1_340' title='bbox 1443 4917 1551 4959; x_wconf 89' lang='lat' dir='ltr'>necne.</span> 
     </span>
     <span class='ocr_line' id='line_1_37' title="bbox 315 4998 1105 5086; baseline -0.001 -20"><span class='ocrx_word' id='word_1_341' title='bbox 315 4998 527 5085; x_wconf 85' lang='lat' dir='ltr'>Suspicamur</span> <span class='ocrx_word' id='word_1_342' title='bbox 549 5002 635 5065; x_wconf 90' lang='lat' dir='ltr'>enim</span> <span class='ocrx_word' id='word_1_343' title='bbox 658 5001 735 5064; x_wconf 88' lang='lat' dir='ltr'>haec</span> <span class='ocrx_word' id='word_1_344' title='bbox 759 5002 837 5065; x_wconf 88' lang='lat' dir='ltr'>olim</span> <span class='ocrx_word' id='word_1_345' title='bbox 861 5004 982 5086; x_wconf 87' lang='lat' dir='ltr'>scripta</span> <span class='ocrx_word' id='word_1_346' title='bbox 1004 5001 1105 5066; x_wconf 85' lang='lat' dir='ltr'>fuisse</span> 
     </span>
    </p>

    <p class='ocr_par' dir='ltr' id='par_1_7' title="bbox 453 5109 1552 5410">
     <span class='ocr_line' id='line_1_38' title="bbox 453 5109 1552 5195; baseline -0.001 -22"><span class='ocrx_word' id='word_1_347' title='bbox 453 5114 520 5173; x_wconf 84' lang='grc' dir='ltr'>Δεῖ</span> <span class='ocrx_word' id='word_1_348' title='bbox 526 5109 586 5173; x_wconf 80' lang='grc' dir='ltr'>τὸν</span> <span class='ocrx_word' id='word_1_349' title='bbox 600 5109 840 5195; x_wconf 79' lang='grc' dir='ltr'><em>κωμῳόοποιὸν</em></span> <span class='ocrx_word' id='word_1_350' title='bbox 853 5110 914 5191; x_wconf 82' lang='grc' dir='ltr'>τὴν</span> <span class='ocrx_word' id='word_1_351' title='bbox 926 5109 1069 5191; x_wconf 81' lang='grc' dir='ltr'><em>πάτριον</em></span> <span class='ocrx_word' id='word_1_352' title='bbox 1083 5109 1187 5173; x_wconf 78' lang='grc' dir='ltr'><em>αὑτοῦ</em></span> <span class='ocrx_word' id='word_1_353' title='bbox 1199 5114 1353 5190; x_wconf 75' lang='grc' dir='ltr'><em>γλῶσσαν</em></span> <span class='ocrx_word' id='word_1_354' title='bbox 1367 5121 1436 5185; x_wconf 77' lang='grc' dir='ltr'><em>τοῖς</em></span> <span class='ocrx_word' id='word_1_355' title='bbox 1450 5126 1552 5190; x_wconf 78' lang='grc' dir='ltr'><strong><em>προσ-</em></strong></span> 
     </span>
     <span class='ocr_line' id='line_1_39' title="bbox 453 5214 1551 5303; baseline -0.001 -23"><span class='ocrx_word' id='word_1_356' title='bbox 453 5217 556 5291; x_wconf 80' lang='grc' dir='ltr'><em>ώποις</em></span> <span class='ocrx_word' id='word_1_357' title='bbox 578 5214 798 5298; x_wconf 76' lang='grc' dir='ltr'><em>περιτιθέναι,</em></span> <span class='ocrx_word' id='word_1_358' title='bbox 823 5218 922 5298; x_wconf 70' lang='grc' dir='ltr'><em>(πλὴν</em></span> <span class='ocrx_word' id='word_1_359' title='bbox 945 5224 990 5303; x_wconf 79' lang='grc' dir='ltr'>τῷ</span> <span class='ocrx_word' id='word_1_360' title='bbox 1011 5215 1091 5302; x_wconf 80' lang='grc' dir='ltr'><em>ξένῳ</em></span> <span class='ocrx_word' id='word_1_361' title='bbox 1116 5216 1156 5279; x_wconf 89' lang='grc' dir='ltr'>οὐ</span> <span class='ocrx_word' id='word_1_362' title='bbox 1180 5217 1304 5298; x_wconf 77' lang='grc' dir='ltr'><em>ταύτην</em></span> <span class='ocrx_word' id='word_1_363' title='bbox 1328 5215 1551 5293; x_wconf 73' lang='grc' dir='ltr'><em>ἀποδιδόναι),</em></span> 
     </span>
     <span class='ocr_line' id='line_1_40' title="bbox 453 5318 1033 5410; baseline 0 -24"><span class='ocrx_word' id='word_1_364' title='bbox 453 5323 513 5405; x_wconf 67' lang='grc' dir='ltr'>τὴν</span> <span class='ocrx_word' id='word_1_365' title='bbox 537 5318 572 5386; x_wconf 75' lang='lat' dir='ltr'>di</span> <span class='ocrx_word' id='word_1_366' title='bbox 597 5322 774 5406; x_wconf 80' lang='grc' dir='ltr'><em>ἐπιχώριον</em></span> <span class='ocrx_word' id='word_1_367' title='bbox 797 5322 886 5409; x_wconf 78' lang='grc' dir='ltr'><strong><em>αὐτῷ</em></strong></span> <span class='ocrx_word' id='word_1_368' title='bbox 910 5321 1033 5410; x_wconf 79' lang='grc' dir='ltr'><em>ἐκείνῳ.</em></span> 
     </span>
    </p>
   </div>
   <div class='ocr_carea' id='block_1_3' title="bbox 0 0 1968 6675">
    <p class='ocr_par' dir='ltr' id='par_1_8' title="bbox 0 0 1968 6675">
     <span class='ocr_line' id='line_1_41' title="bbox 0 0 1968 6675; baseline 0 2"><span class='ocrx_word' id='word_1_369' title='bbox 0 0 1968 6675; x_wconf 95' lang='lat' dir='ltr'> </span> 
     </span>
    </p>
   </div>
  </div>
 </body>
</html>
