3925 6675
722 1115 1007 1168 EMENDATIONES
1024 1117 1238 1168 PLAUTINAE.
1552 1112 1599 1177 25

357 1275 631 1363 Acroteleutium,
654 1299 687 1342 se
710 1277 854 1362 deperire
878 1277 1016 1341 militem
1039 1276 1190 1342 simulare
1214 1278 1309 1358 iussa,
1333 1276 1388 1342 ubi
1408 1277 1459 1340 sui
1477 1277 1599 1342 amoris

360 1383 482 1448 indicia
504 1383 608 1449 multa
631 1383 719 1450 dedit
741 1388 909 1467 praesenta
930 1383 1033 1448 milite
1057 1383 1113 1448 sed
1136 1406 1229 1468 quem
1255 1383 1311 1448 illa
1334 1383 1444 1449 adesse
1463 1405 1497 1447 se
1516 1383 1600 1447 scire

361 1490 558 1576 dissimulat,
581 1491 699 1556 sensim
723 1490 763 1554 ad
785 1491 900 1555 militis
919 1490 1051 1555 domum
1070 1491 1204 1575 propius
1223 1489 1353 1573 accedit,
1376 1511 1448 1554 cum
1467 1489 1598 1554 interim

361 1597 523 1662 sermonis
547 1598 633 1662 vices
657 1598 703 1661 ita
725 1618 760 1661 se
783 1597 957 1682 excipiunt.

795 1704 1017 1786 Milphidippa

626 1811 712 1892 Quid
732 1813 861 1876 astitisti
883 1810 1071 1892 obstupida?
1095 1831 1150 1875 car
1171 1831 1235 1875 aon
1251 1811 1383 1893 pultes?

795 1918 1036 1982 Acrotelatliem

455 2024 499 2086 40
552 2025 635 2105 Qviic
657 2044 720 2088 noa
743 2030 787 2089 est
808 2026 894 2089 intes
916 2045 1005 2105 quein
1028 2045 1080 2106 epo
1102 2024 1176 2089 volo.

797 2131 1019 2212 Milphidippa

1122 2240 1184 2319 Qui
1207 2238 1290 2303 scis?
1613 2265 1641 2304 ιο

796 2345 1035 2409 Acroteleutium

1221 2450 1294 2515 Seio
1317 2449 1432 2533 edepol
1455 2449 1553 2514 facio:

457 2560 496 2622 41
547 2559 634 2622 Nam
657 2561 749 2623 odore
770 2579 884 2623 nusum
906 2561 1028 2638 sentiat,
1051 2560 1081 2624 si
1103 2561 1189 2624 intes
1210 2560 1259 2622 sit.

662 2717 664 2719 ,
798 2665 1051 2758 Pyrgopolinices

1188 2771 1384 2836 Heriolelur.

549 2880 632 2960 Quia
655 2901 703 2943 me
725 2886 822 2963 amal,
839 2885 1005 2960 propterea
1030 2879 1132 2944 Venus
1148 2880 1222 2960 fecit
1240 2900 1309 2943 eom
1326 2885 1361 2942 ot
1383 2878 1547 2943 divinaret.

794 2986 1035 3051 Acroteleutium

545 3093 658 3158 Nescio
675 3093 730 3157 ‘zati
747 3092 798 3157 liic
812 3113 909 3175 prope
926 3094 1014 3158 adest
1030 3114 1120 3174 quem
1134 3099 1237 3174 expeto
1251 3093 1369 3157 videre:
1389 3092 1445 3156 olet
1453 3093 1599 3173 profecto.

795 3200 1049 3282 Pyrpopotinices

460 3307 500 3371 44
546 3307 636 3372 Naso
652 3307 709 3389 pol
730 3308 799 3372 iope
815 3306 893 3389 plus
914 3307 989 3372 haee
1010 3307 1135 3389 quidem
1158 3307 1241 3372 videt
1262 3328 1358 3389 quom
1380 3305 1485 3372 oeulis
1614 3331 1643 3373 ro

394 3404 487 3494 Aput
513 3415 552 3478 de
580 3435 674 3478 versu
702 3413 963 3499 quadragesimo,
994 3415 1084 3478 cuius
1112 3418 1254 3479 extrema
1283 3436 1345 3478 vox
1373 3415 1406 3477 in
1434 3414 1600 3478 codicibus

394 3508 542 3585 Donato
563 3520 786 3604 Vaticanoque
807 3522 891 3601 facio
914 3526 973 3603 est,
995 3522 1029 3585 iu
1051 3519 1167 3586 Vetere
1190 3518 1364 3585 (temerarii
1386 3523 1455 3603 scic.
1501 3518 1538 3584 In
1563 3543 1600 3585 ea

394 3637 450 3687 voce
468 3633 634 3712 peceatum
659 3647 728 3691 esse
751 3631 897 3711 apertum
920 3633 979 3711 est,
1003 3627 1058 3692 sed
1081 3627 1166 3693 unde
1189 3627 1370 3693 emendatio
1394 3627 1530 3711 petenda
1557 3628 1602 3691 sit

368 3727 566 3821 lenbiguum.
613 3731 695 3799 Cum
718 3735 804 3799 enim
823 3736 967 3819 plerique
990 3737 1036 3799 ita
1056 3738 1209 3818 statuant,
1230 3736 1314 3816 focio
1333 3756 1402 3800 esse
1421 3735 1601 3818 antiquitus

394 3834 516 3906 traditam
540 3843 742 3926 scripturam,
770 3863 809 3905 ex
834 3863 906 3926 qua,
934 3843 961 3905 si
986 3843 1117 3906 tolerari
1141 3841 1211 3926 ipsa
1233 3863 1300 3906 non
1322 3842 1436 3926 possit,
1463 3841 1600 3905 efficien-

395 3936 449 4008 dum
468 3949 517 4031 sit,
541 3948 628 4032 quod
651 3954 748 4034 poete
770 3949 904 4034 dignum
927 3949 1083 4034 videatur,
1105 3971 1210 4033 nuper
1227 3948 1416 4013 Theodorus
1435 3947 1602 4031 Hesperus

394 4043 754 4121 incommentetionibus
774 4055 1051 4138 Fleckeisenianis,
1075 4078 1146 4120 cum
1165 4056 1248 4120 hanc
1272 4055 1413 4120 fabulam
1436 4054 1601 4120 luculente

395 4158 464 4239 topia
484 4163 739 4228 coniecturarum
763 4167 904 4248 augeret,
926 4186 957 4246 p.
978 4162 1042 4227 183
1067 4161 1105 4225 de
1127 4161 1191 4225 hoc
1213 4162 1284 4227 loco
1308 4162 1353 4226 ita
1376 4160 1540 4245 iudicavit,
1563 4166 1600 4225 ut

395 4264 466 4341 allio
479 4266 605 4333 Veteris
624 4269 785 4352 scriptura
797 4268 1065 4353 proficiscendum
1082 4272 1182 4352 ratus,
1195 4268 1278 4333 hanc
1294 4269 1448 4333 orationis
1461 4268 1599 4333 formam

394 4361 484 4439 Plauto
514 4375 692 4441 vindicaret
724 4375 796 4440 Scio
828 4375 945 4458 edepol,
977 4377 1026 4457 set
1057 4377 1125 4457 seio.
1182 4373 1241 4440 Cui
1274 4377 1405 4439 invento
1438 4376 1600 4462 ingeniosi
1614 4400 1643 4441 so

394 4469 507 4547 hominis
532 4482 707 4566 quominus
730 4482 889 4548 calculum
913 4482 1066 4547 addamus
1090 4504 1155 4546 uon
1182 4504 1245 4546 una
1274 4504 1324 4546 res
1352 4504 1412 4547 nos
1439 4481 1599 4567 prohibet

394 4573 436 4644 Ille
457 4588 596 4673 quidem,
626 4611 692 4673 quo
719 4590 775 4653 vix
799 4612 879 4674 opus
902 4589 1003 4654 fuisse
1027 4589 1128 4673 dicas,
1155 4596 1206 4654 sot
1227 4592 1289 4655 seio
1312 4589 1450 4653 multum
1474 4610 1543 4654 esse
1564 4589 1601 4656 in

393 4704 438 4753 usu
455 4692 602 4761 Plautino
626 4695 884 4780 Terentianoque
907 4696 1064 4781 exemplis
1092 4698 1253 4782 congestis
1282 4695 1406 4781 docuit3
1432 4695 1487 4760 sed
1515 4696 1600 4761 idem

391 4795 441 4860 ⁸⁰50
458 4806 487 4867 et
507 4805 541 4868 in
566 4808 711 4867 extremo
734 4826 828 4869 versu
851 4802 1110 4886 monosyllabum
1138 4824 1209 4867 esse
1235 4824 1329 4887 posse
1357 4824 1463 4887 neque
1490 4802 1602 4867 docuit

394 4920 475 4986 neque
492 4909 643 4974 credibile
662 4915 718 4975 est.
761 4909 853 4985 Quod
872 4910 998 4974 etiamsi
1017 4911 1062 4973 ita
1081 4932 1151 4975 esse
1170 4909 1370 4993 concedatur,
1393 4911 1502 4973 tamen
1521 4908 1602 4974 haec

393 5009 449 5073 toa
463 5018 561 5081 oratio
581 5038 645 5080 non
664 5020 774 5101 potest
791 5018 926 5100 placere,
945 5018 992 5081 sic
1011 5016 1116 5081 soluta
1134 5021 1167 5081 et
1185 5016 1246 5081 hoc
1265 5016 1375 5080 ordine
1394 5037 1602 5098 componens,

393 5133 506 5193 quorum
530 5122 732 5206 utrumlibet,
754 5122 822 5187 sive
844 5129 895 5188 sat
912 5125 987 5202 scic,
1011 5124 1088 5207 sive,
1111 5123 1198 5206 quod
1217 5128 1301 5187 certe
1320 5122 1514 5208 praestabat,
1537 5124 1602 5187 seio

392 5217 498 5305 dubl,-
517 5252 575 5313 per
606 5251 641 5293 se
673 5229 753 5295 satis
784 5235 865 5313 erat3
898 5230 965 5295 sive
999 5230 1076 5312 quid
1103 5230 1221 5294 fortius
1249 5229 1493 5294 asseverandum
1521 5233 1601 5311 erat,

391 5329 550 5407 ⁸Pii⁰ribus
576 5338 626 5400 uti
653 5337 760 5422 licuit,
788 5336 1049 5422 velut.116,103
1078 5342 1128 5402 sat
1149 5336 1253 5419 edepol
1277 5342 1356 5401 certo
1383 5338 1457 5415 seio,
1485 5335 1537 5399 vel
1566 5336 1600 5398 iu
