3925 6675
486 1120 538 1171 DE
555 1120 691 1173 roms
709 1120 923 1183 QUIBUSDAM
942 1121 1166 1172 SENTENTIAE
1185 1119 1473 1172 cosffsnmvun.
1534 1118 1598 1183 193

453 1279 572 1346 Restat
597 1282 728 1346 tertium
757 1281 844 1366 quod
871 1303 911 1346 ex
933 1279 1097 1345 Theocriti
1120 1280 1267 1345 versibus
1291 1281 1396 1345 exorsi
1421 1281 1599 1366 disceptare

361 1387 544 1471 voluimus,
566 1387 652 1472 quod
677 1410 871 1473 quamquam
894 1389 929 1452 in
951 1387 1009 1451 illo
1032 1388 1198 1471 prooemio
1222 1391 1395 1452 tractatum
1419 1392 1481 1469 est,
1504 1386 1599 1451 habe-

360 1517 435 1560 mus
466 1499 576 1559 tamen
603 1494 721 1579 quibus
744 1495 801 1559 illa
823 1494 934 1580 augeri
957 1516 1024 1558 non
1047 1494 1218 1578 inutiliter,
1245 1495 1401 1559 nonnulla
1423 1497 1536 1558 nostra
1559 1494 1598 1557 ab

362 1601 470 1666 alieno
499 1601 621 1666 iudicio
651 1602 806 1666 vindicari
830 1623 925 1685 posse
948 1601 1125 1666 videantur.
1167 1601 1297 1666 lltenim
1322 1602 1461 1685 quaein
1485 1599 1598 1683 idyllio

363 1708 414 1791 12,
434 1707 456 1772 8
480 1707 648 1793 leguntur,
672 1708 710 1772 de
734 1709 851 1792 quibus
874 1730 972 1793 supra
995 1708 1134 1773 diximus
1157 1705 1202 1795 (p.
1219 1708 1307 1794 185),

322 1834 350 1890 ιι
498 1817 623 1878 τόσσον
645 1810 696 1897 ἔμ’
725 1815 894 1897 εὔφρανας
916 1817 957 1878 τὺ
980 1817 1107 1897 φανείς,
1131 1818 1266 1899 σκιερὰν
1290 1813 1320 1880 d'
1346 1815 1412 1879 ὑπὸ
1436 1816 1547 1897 φοινόν

498 1919 613 1985 ἀελίου
636 1921 827 2004 φρύγονιος
849 1920 1027 2003 ὁδοιπόρος
1048 1917 1195 2005 ἔδραμον
1219 1922 1263 1997 ὥς
1285 1946 1336 1999 τις

362 2027 555 2113 plerumque
578 2049 676 2112 prave
699 2031 832 2113 accepta
854 2026 902 2091 sic
924 2028 1165 2112 interpretanda
1187 2028 1347 2111 duximus,
1371 2032 1408 2093 ut
1426 2051 1460 2093 se
1479 2029 1600 2093 diceret

361 2135 455 2220 pueri
488 2138 616 2198 amator
644 2139 757 2198 urente
785 2135 853 2198 sole
881 2134 940 2198 snb
967 2135 1036 2221 fagi
1063 2134 1210 2199 umbram
1237 2135 1428 2219 cucurrisse,
1460 2136 1599 2221 figurata

363 2241 510 2306 oratione
529 2241 693 2325 professus
711 2245 868 2326 quantum
888 2242 1109 2307 delectationis
1127 2242 1191 2306 sibi
1209 2242 1365 2306 adventus
1384 2241 1496 2306 amasii
1514 2247 1598 2307 attu·
1614 2274 1639 2314 ,ι

361 2347 463 2412 iisset.
500 2347 546 2412 Et
572 2347 651 2412 haec
676 2360 905 2433 μεταφορικῶς
933 2347 1017 2413 elata
1046 2370 1104 2432 per
1131 2371 1165 2413 se
1189 2352 1336 2415 constare
1358 2353 1522 2432 poterant:
1546 2349 1599 2412 ad-

363 2454 439 2520 ditis
462 2454 572 2518 serbis
595 2455 641 2530 ὡς
662 2453 841 2540 ὁδοιπόρος
863 2480 913 2532 τις
934 2455 1026 2540 origo
1050 2456 1256 2540 metaphorae
1279 2456 1434 2540 aperitur,
1461 2459 1493 2520 et
1517 2478 1599 2540 qnae

364 2562 497 2646 propria
519 2567 596 2626 sunt
620 2560 750 2626 viatoris
773 2563 856 2627 iuter
878 2563 946 2627 sias
970 2563 1012 2628 ob
1033 2563 1191 2627 fervorem
1211 2563 1289 2628 solis
1309 2564 1433 2628 arboris
1451 2563 1599 2629 umbram

366 2668 504 2751 petentis
527 2689 566 2732 ea
584 2668 729 2733 videmus
749 2670 782 2733 in
801 2669 906 2753 ipsum
925 2691 995 2734 esse
1014 2675 1190 2735 amatorem
1210 2670 1367 2735 translata
1384 2670 1489 2736 reditu
1507 2673 1599 2755 pueri

369 2773 539 2840 desiderati
558 2775 782 2840 exhilaratum.
814 2775 937 2841 Eodem
956 2777 1052 2842 modo
1073 2777 1106 2841 in
1125 2776 1239 2859 idyllio
1258 2777 1355 2842 tertio
1376 2782 1519 2842 extremo
1536 2777 1601 2842 for·

370 2885 487 2946 matum
516 2886 566 2946 est
595 2881 713 2965 simile,
740 2881 827 2966 qnod
854 2887 886 2946 et
914 2883 1022 2966 ipsum
1046 2883 1235 2967 interpretes
1259 2906 1371 2967 parum
1397 2890 1484 2950 recte
1507 2905 1600 2968 expe·

374 2986 504 3052 dierunt
543 2987 623 3053 Cum
647 2991 733 3053 euim
756 2990 920 3072 caprarius
943 2991 1136 3054 lamentetur

501 3093 867 3178 mercamentum
888 3095 944 3161 καὶ
968 3095 1020 3162 τοὶ
1045 3097 1139 3163 λύκοι
1164 3093 1230 3162 ὧδέ
1246 3095 1278 3180 μ’
1305 3095 1451 3164 ἔδονται·

501 3203 545 3278 ὧς
567 3201 642 3285 μέλι
664 3226 716 3267 τοι
740 3207 847 3285 γλυκὺ
869 3213 970 3269 τοῦτο
993 3205 1075 3268 κατὰ
1098 3207 1262 3288 βοόχθοιο
1285 3203 1429 3288 γένοιτο,

380 3305 556 3393 haecdicit,
579 3332 598 3375 a
620 3309 706 3394 lupis
729 3331 780 3376 me
804 3310 949 3375 devorari
972 3316 1158 3397 pergratum
1181 3312 1242 3377 tibi
1266 3312 1424 3395 acciderit,
1447 3312 1503 3376 sed
1522 3311 1599 3396 quia
1614 3344 1640 3383 so

383 3416 503 3481 amella
526 3417 615 3482 ducit
638 3417 757 3501 simile,
785 3420 830 3482 ita
852 3418 1010 3503 loquitur,
1039 3441 1089 3484 me
1112 3420 1229 3503 perire,
1257 3420 1318 3484 hoc
1341 3419 1401 3484 tibi
1426 3420 1518 3485 dulce
1541 3442 1599 3504 per
1651 3488 1655 3499 ,

386 3526 482 3604 ptus
499 3523 671 3589 descendat
689 3524 794 3589 mellis
812 3526 915 3590 instar
933 3527 1074 3590 suaviter
1093 3549 1150 3610 per
1168 3531 1282 3612 guttur
1296 3527 1472 3591 defluentis.
1504 3525 1598 3603 Quod

388 3631 429 3690 et
450 3635 644 3696 contractum
673 3632 833 3714 quoddam
856 3654 958 3718 genus
981 3633 1140 3696 enuntiati
1164 3633 1388 3717 comparativi,
1415 3634 1511 3717 idque
1534 3634 1598 3698 late

390 3739 463 3814 patet
481 3743 513 3801 et
534 3737 613 3801 olim
636 3738 856 3821 compluribus
879 3739 1043 3822 exemplis,
1067 3738 1198 3803 Pindari
1219 3740 1366 3823 inprimis
1386 3745 1418 3805 et
1437 3740 1599 3823 Aeschyli,

393 3843 504 3908 anobis
529 3844 723 3909 declaratum
751 3848 808 3909 est.
847 3844 934 3921 Quae
962 3866 1047 3909 nunc
1069 3868 1135 3909 non
1158 3847 1334 3928 repetimus
1358 3846 1412 3910 sed
1436 3846 1597 3910 afferimus

323 3975 325 4010 ;
395 3942 450 4029 alia,
468 3951 492 4013 si
514 3951 584 4014 fieri
606 3953 711 4035 possit
734 3956 831 4015 ntea
853 3953 935 4015 ratio
960 3973 1056 4035 quam
1081 3952 1217 4015 dicimus
1241 3952 1374 4016 clariore
1398 3952 1431 4014 in
1454 3954 1525 4016 luce
1544 3976 1600 4036 po-

397 4104 579 4121 Ἢ..-

398 4208 440 4274 h’tt
453 4215 519 4270 enim
537 4233 600 4271 cum
619 4218 719 4271 muare
737 4216 861 4283 dicatur,
879 4221 976 4271 tamen
995 4217 1047 4271 hoc
1067 4217 1194 4282 verbum,
1214 4216 1289 4286 quod
1308 4214 1436 4269 nonnulli
1455 4215 1598 4284 interpun-

399 4300 467 4363 suto
487 4306 577 4359 asnis
595 4305 696 4360 vicinis
715 4308 875 4375 separatum
896 4307 933 4359 ad
951 4308 1008 4376 ipsc
1027 4300 1118 4362 redire
1137 4306 1277 4370 indicant,
1302 4304 1388 4359 simili
1407 4304 1452 4359 cni
1472 4303 1600 4357 inhaeret

399 4394 608 4448 momontum
626 4397 657 4449 et
675 4412 737 4449 cum
757 4396 827 4450 lueet
844 4396 873 4448 in
893 4396 982 4450 altera
1002 4395 1187 4450 similitudine
1207 4397 1401 4463 comparatum
1420 4393 1544 4459 videtur,
1568 4396 1600 4446 ut

400 4468 448 4528 hinc
465 4497 569 4538 nscmse
592 4484 631 4537 sit
653 4484 787 4538 audiatur
809 4484 839 4537 iu
862 4486 954 4555 prima
977 4486 1117 4552 oratione,
1141 4485 1190 4539 sed
1209 4484 1287 4538 verbi
1305 4483 1396 4537 forma
1415 4499 1488 4552 quae
1507 4483 1600 4551 posita

402 4568 432 4612 “t
445 4569 527 4625 udam
546 4573 700 4642 cogitando
719 4573 875 4643 suppletur.
910 4576 978 4628 Aen.
994 4594 1032 4627 ιιι
1047 4580 1099 4628 685

579 4664 703 4717 certatim
721 4664 792 4734 repis
810 4664 988 4718 circunutaot
1006 4670 1074 4719 tecto
1093 4664 1205 4718 Latini:

579 4752 626 4805 tue
642 4751 715 4806 vetat
729 4752 825 4822 pelopi
841 4769 924 4822 rupes
941 4756 1054 4807 immoto
1071 4754 1185 4818 resistit,

579 4849 611 4895 ut
625 4841 722 4911 pelopi
738 4858 820 4910 nepes
838 4858 939 4912 moeno
956 4845 1077 4897 vmicntc
1095 4843 1219 4913 tmpore,

579 4947 649 4998 οιιοι
665 4946 721 4984 sese
738 4931 833 4983 motha
850 4932 952 4985 circem
972 4932 1139 4985 lotroatibus
1157 4932 1242 4985 undet

577 5020 648 5073 stote
665 5024 743 5073 tenet.

407 5087 438 5144 'w
450 5113 493 5166 (1ῦο
508 5107 587 5161 modo
605 5109 732 5162 restiterit
751 5107 912 5162 declaratur
930 5107 1071 5177 exemplo,
1096 5108 1145 5163 sed
1163 5112 1275 5164 irremota
1293 5111 1407 5176 resistit,
1432 5125 1504 5178 quae
1524 5125 1598 5162 com-

407 5187 523 5271 &dom
541 5200 614 5264 sunt,
632 5213 689 5250 non
707 5196 837 5251 videntum
854 5212 937 5265 posse
956 5196 1074 5268 seiungi,
1093 5213 1184 5265 neque
1203 5198 1354 5267 quicquam
1373 5215 1408 5252 ne
1422 5198 1468 5251 hie
1483 5196 1598 5266 quidem

409 5269 592 5351 ffltpugenm
610 5284 745 5350 efficitur,
768 5285 818 5339 sed
836 5302 870 5341 ex
889 5285 1099 5355 comparatione
1118 5286 1238 5340 sumitur
1256 5287 1355 5341 eadem
1374 5287 1490 5356 quidem
1508 5285 1599 5340 forma

411 5357 494 5419 ”llum
507 5371 541 5425 ad
557 5374 602 5428 ute
620 5373 696 5441 quod
714 5377 807 5429 mente
826 5374 956 5429 addatur.

449 5456 553 5511 Vatini
565 5473 676 5522 opuscula
689 5474 720 5514 11
1353 5471 1385 5518 13
