3925 6675
354 1092 405 1142 ΒΕ
414 1092 560 1144 GENERE
569 1091 724 1155 QUODAM
733 1092 886 1144 menum
895 1091 1047 1144 GRAECIS
1057 1093 1292 1158 Romuleum
1301 1095 1498 1148 FAMILIARI.
1518 1093 1585 1158 443

699 1251 840 1318 ἀιιέύοτο
864 1257 973 1338 φήνας
994 1255 1149 1320 κυνίδιον
1173 1258 1354 1340 Σεριφίων,

698 1359 845 1444 καθῆσθ’
872 1359 916 1426 ἂν
938 1360 977 1426 ἐν
999 1363 1167 1446 denotem

445 1466 522 1532 ibid
540 1465 606 1531 898
915 1467 1010 1552 φέρε
1032 1470 1138 1534 πόσου
1163 1467 1284 1553 λέγεις;

446 1573 523 1640 ibid
544 1573 629 1640 1068
701 1573 796 1659 φέρε
819 1575 861 1657 δὴ
883 1577 919 1640 τί
939 1576 981 1640 σὺ
1006 1573 1126 1658 λέγεις;

444 1679 531 1746 Nub.
550 1679 615 1745 218
700 1679 795 1765 φέρι
817 1684 868 1758 τίς
890 1682 963 1765 γάρ
987 1676 1087 1759 οὗτος
1109 1681 1188 1748 οὑπὶ
1206 1693 1265 1767 τῆς
1282 1684 1471 1768 κρεμάθρας
1490 1685 1587 1768 ιἰνήρς

446 1787 523 1853 ibid.
541 1787 607 1852 342
917 1787 1012 1872 φέρε
1034 1799 1127 1854 ποῖαι
1150 1791 1222 1874 γάρ
1246 1788 1335 1868 τινές
1358 1791 1458 1870 elom

445 1893 524 1960 ibid
541 1894 608 1960 366
703 1895 723 1962 6
748 1898 833 1973 Ζεὺς
857 1893 890 1960 d’
914 1895 997 1979 ἡμῖν
1019 1894 1113 1981 φέρε
1137 1898 1220 1980 πρὸς
1241 1906 1300 1980 τῆς
1322 1907 1382 1982 γῆς
1405 1897 1589 1982 οὑλύμπιος

1213 2003 1254 2070 οὐ
1277 2007 1357 2082 θεός
1379 2001 1485 2082 torem

445 2108 521 2176 ibid
541 2109 608 2174 370
701 2107 797 2193 φέρε
814 2118 881 2174 ιιοῦ
900 2110 973 2195 γάρ
992 2107 1116 2176 πώποτ’
1140 2111 1221 2176 ἄνευ
1239 2116 1392 2195 νεφελῶν
1409 2109 1500 2176 ὕοντ’
1523 2111 1587 2194 ἤδη

1212 2217 1382 2296 redducam
1604 2241 1629 2282 ιο

445 2321 522 2386 ibid.
541 2321 607 2386 385
701 2319 796 2406 φέρε
818 2324 912 2388 voert
935 2331 980 2410 τῷ
1000 2324 1062 2407 χρὴ
1084 2323 1267 2408 uldredum

445 2427 523 2492 ibid.
542 2428 608 2492 664
701 2440 772 2506 ιιῶς
793 2429 836 2512 de}
859 2427 962 2513 φέρ’;

445 2535 522 2600 ibid
541 2534 607 2600 769
772 2534 926 2621 φέρετέ
946 2534 1018 2620 δῆτ’
1045 2539 1096 2622 dv,
1119 2539 1148 2603 el
1171 2539 1296 2622 ταύτην
1319 2539 1441 2621 λοβῶν,

700 2641 800 2708 ὁπότε
822 2644 997 2727 γράφοιτο·
1010 2645 1072 2728 τὴν
1095 2645 1193 2728 δίκην
1215 2644 1233 2710 ὁ
1256 2646 1476 2728 γραμματεύς,

700 2747 858 2835 ἀπωτέρω
881 2752 962 2826 στάς
984 2745 1050 2816 c‘ode
1072 2752 1155 2834 πρὸς
1177 2752 1237 2815 τὸν
1259 2752 1357 2834 ἥλιον

699 2858 740 2921 τὰ
760 2855 923 2940 γούνατ’
949 2855 1117 2941 ἐκτήξαιμι
1140 2867 1197 2942 τῆς
1220 2855 1298 2942 ἐνῆς
1321 2860 1427 2940 δίκης

445 2963 522 3028 ibid.
540 2961 606 3028 903
702 2961 797 3048 φέρε
819 2965 884 3047 γὰρ
906 2973 974 3030 ιιοῦ
999 2963 1096 3048 'oeteo

444 3069 521 3136 ibid.
540 3069 607 3135 940
701 3068 796 3154 φέρε
819 3072 861 3156 δὴ
883 3073 1023 3154 πότερος
1047 3071 1130 3149 λέξει
1154 3073 1326 3156 πρότεροςς

445 3177 525 3242 Ram
547 3177 633 3242 1399
700 3176 795 3261 φέρε
816 3187 883 3243 ποῦ
905 3186 1062 3244 τοιοῦτον
1085 3179 1167 3262 δῆτά
1189 3177 1322 3260 μούσης
1345 3187 1425 3255 ποῦς

355 3283 498 3351 Haeoine
515 3285 594 3351 eetie
612 3285 728 3350 erunt?
750 3305 810 3351 neo
828 3284 910 3351 illud
928 3284 1043 3351 inutile
1061 3285 1148 3371 quod
1167 3284 1360 3370 attendetur,
1382 3285 1459 3351 huio
1478 3285 1588 3371 generi
1602 3310 1629 3351 eo

354 3393 618 3479 interrogationis
631 3392 808 3477 preemieeo
827 3392 909 3477 φέρε
926 3414 993 3458 non
1010 3415 1083 3458 raro
1100 3394 1163 3476 γὰρ
1182 3392 1372 3478 particulam
1391 3392 1507 3458 eubiioi
1522 3392 1587 3457 vel-

356 3503 394 3563 ut
419 3496 506 3564 Nub.
532 3497 614 3582 218,
640 3498 720 3582 370,
751 3498 847 3583 plane
874 3503 912 3565 ut
936 3504 1049 3565 noetio
1077 3498 1236 3565 vereionlo
1270 3498 1353 3584 φέρ’
1391 3498 1483 3565 ἐτεὸν
1515 3499 1589 3583 ἡγεῖ

356 3606 429 3689 γὰρ
455 3606 573 3691 θεούςς
598 3603 638 3671 In
661 3626 726 3689 quo
749 3606 837 3690 quod
859 3606 983 3672 adiecto
1008 3605 1089 3690 φέρε
1111 3628 1149 3671 ee
1171 3606 1331 3692 partioula
1353 3628 1372 3671 e
1395 3606 1492 3671 tertio
1515 3605 1587 3672 looo

356 3712 561 3797 inquantum
578 3714 697 3778 reieota
714 3717 772 3796 eet,
793 3734 835 3777 ne
853 3713 906 3779 oui
924 3712 1160 3779 dubitationem
1178 3718 1315 3797 moveat,
1333 3713 1416 3779 nihil
1434 3718 1483 3778 eet
1501 3713 1588 3798 quod

355 3818 484 3885 facilins
505 3818 661 3885 vindioon'
679 3820 799 3904 poeait3
820 3820 918 3885 totiee
942 3820 975 3884 in
995 3819 1139 3885 versibus
1158 3819 1404 3905 Aristophuneis
1423 3822 1486 3905 γὰρ
1505 3821 1589 3885 hano

357 3926 465 3991 aedem
482 3929 648 4011 tamquam
665 3927 844 4014 legitimam
863 3930 1007 4011 oocupet,
1026 3926 1124 4011 velut,
1142 3928 1210 3991 eine
1230 3948 1358 4011 quoque
1372 3927 1418 3991 rei
1438 3930 1474 3991 ut
1487 3948 1590 4010 peuoe

355 4033 528 4099 afferamus
550 4032 707 4119 exemplo,

446 4138 586 4206 Acheru.
603 4139 649 4205 40
698 4138 771 4206 ἀλλ’
797 4141 833 4205 ολ
851 4140 1032 4225 πρυτάνεις
1055 4142 1127 4225 γὰρ
1152 4137 1258 4205 οὑτοιὶ
1282 4140 1509 4223 μεσημβρινοί.

446 4246 524 4313 ibid
544 4246 609 4312 176
700 4246 770 4311 ἀλλ’
799 4246 835 4313 ἐκ
858 4248 1108 4331 Λακεδαίμονος
1131 4248 1203 4330 γὰρ
1234 4244 1412 4330 Ἀμφίθεος
1436 4244 1499 4310 ὁδί.

447 4354 523 4419 ibid
542 4354 606 4419 581
699 4353 767 4419 ὑπὸ
790 4363 852 4419 τοῦ
874 4353 973 4432 δέους
995 4356 1069 4439 γὰρ
1092 4364 1159 4419 τῶν
1182 4354 1295 4419 ὅπλων
1318 4355 1474 4437 εἰλιγγιῶ.
1602 4377 1629 4419 ιο

447 4460 524 4526 ibid.
544 4460 631 4525 1076
700 4459 766 4525 ὑπὸ
789 4462 870 4537 τοὺς
892 4463 971 4545 γόοις
993 4462 1065 4545 γάρ
1088 4459 1144 4525 καὶ
1168 4460 1311 4545 χύτρους

447 4566 506 4633 Av.
527 4566 613 4633 1168
701 4564 773 4633 ἀλλ’
800 4566 858 4633 dde
880 4566 989 4651 φύλαξ
1013 4569 1085 4652 γὰρ
1108 4578 1177 4633 τῶν
1200 4565 1330 4633 insideo
1353 4568 1493 4651 ἅγγελος

701 4671 798 4740 ἐσθεῖ

446 4780 524 4847 ibid
544 4778 630 4846 1386
701 4779 738 4847 έιι
759 4790 828 4847 τῶν
849 4784 1001 4865 νεφελῶν
1024 4781 1095 4866 γὰρ
1119 4782 1163 4845 ἄν
1184 4804 1235 4857 τις
1258 4780 1423 4865 ἀναβολὰς
1446 4781 1557 4865 λάβοι;

446 4888 524 4955 ibid
545 4886 632 4954 1646
702 4888 756 4953 ἀεί
775 4885 848 4953 κοτ’
875 4886 1069 4971 ἀνθρώποις
1091 4889 1163 4971 γάρ
1187 4888 1308 4965 εὔνους
1330 4886 1392 4972 εἰμ’
1420 4886 1493 4970 ἐγώ.

446 4994 582 5080 Lyeietr.
599 4994 667 5060 489
703 4996 760 5061 διὰ
782 4993 966 5079 τάργύριον
987 5000 1197 5080 πολεμοῦμεν
1219 4994 1305 5079 γάρ;

446 5101 511 5168 Sed
533 5102 628 5167 nobie
650 5100 874 5167 revertendum
901 5105 951 5166 eet
973 5100 1014 5166 ad
1036 5098 1134 5167 rerba
1156 5100 1306 5167 'lbrlliene
1332 5100 1372 5165 de
1394 5122 1428 5165 re
1451 5099 1589 5184 publiea,

357 5232 378 5275 a
399 5208 519 5295 quibua
546 5209 667 5295 egreeei
693 5230 805 5274 eumue
831 5212 865 5273 et
891 5207 1094 5274 devertimus.
1141 5206 1230 5285 Quae
1257 5228 1355 5291 supra
1382 5205 1527 5271 dedimus
1551 5226 1589 5270 ex

357 5314 482 5383 Halmii
498 5317 694 5400 reoeneione,
718 5336 912 5400 quamquam
930 5317 959 5380 ie
976 5337 1044 5381 non
1062 5337 1126 5381 uuo
1145 5314 1275 5381 nomine
1294 5312 1486 5379 testimoniis
1505 5312 1591 5378 eodi-
