3925 6675
737 1141 1020 1192 EMENDATIONES
1038 1141 1251 1193 PLAU'I'INAE.
1566 1137 1611 1202 33

370 1303 508 1388 propria
532 1302 769 1388 significatione
792 1323 893 1386 paene
915 1301 956 1365 ad
978 1301 1044 1366 vim
1062 1304 1270 1386 temporalem
1290 1303 1412 1368 accedit
1431 1300 1612 1389 (aladauu);

371 1431 480 1494 nequa
498 1410 642 1474 insolens
661 1412 711 1472 est
729 1408 757 1473 is
776 1430 863 1488 usus,
882 1429 979 1493 quem
998 1410 1051 1473 vel
1068 1407 1146 1474 haec
1161 1407 1308 1493 exempla
1322 1409 1472 1473 Plautina
1486 1431 1564 1493 prae
1579 1431 1613 1473 se

371 1516 498 1598 ferunt,
521 1515 877 1599 Menaechmum
902 1515 1073 1598 Postquam
1101 1517 1137 1580 ia
1164 1515 1325 1580 tabernam
1352 1536 1431 1582 vasu
1457 1522 1486 1580 et
1511 1537 1614 1582 aarum

371 1623 545 1705 medaeam,
572 1629 609 1687 ut
634 1625 782 1700 iusserat,
811 1622 874 1687 Ita
900 1624 989 1688 omia
1016 1623 1197 1702 advorsum,
1222 1620 1349 1687 Curcul.
1368 1624 1440 1707 v3,
1460 1624 1500 1688 11
1530 1624 1612 1705 Quia

371 1752 427 1814 aaa
454 1751 495 1795 ar
517 1736 546 1795 le
566 1730 659 1794 todia
679 1731 799 1811 faciam
816 1729 922 1811 palum
946 1729 1191 1812 catapultarium
1213 1730 1316 1812 Atque
1338 1732 1394 1794 itu
1416 1729 1461 1816 (h.
1481 1752 1506 1793 e.
1525 1735 1613 1814 post-

374 1859 474 1921 quam
507 1841 541 1900 te
570 1836 632 1900 feci
661 1837 764 1921 pilum
793 1837 1057 1920 catapultarium)
1086 1843 1114 1901 ta
1140 1857 1231 1901 memo
1259 1837 1411 1918 torquebo,
1443 1837 1553 1902 itidem
1579 1845 1615 1902 ut

373 1944 555 2027 catapultae
571 1943 677 2009 soleat.
709 1942 810 2008 Porro
829 1963 895 2008 com
913 1945 960 2008 ita
979 1944 1066 2028 quod
1084 1964 1175 2026 qaum
1193 1944 1240 2008 ita
1258 1944 1508 2028 interpretamur
1524 1940 1610 2030 (nam

374 2072 415 2115 ne
443 2056 495 2115 est
523 2049 654 2135 quidem
682 2049 768 2134 qnod
796 2051 843 2114 ita
871 2048 1059 2136 scribatur),
1086 2050 1120 2113 in
1147 2050 1257 2114 eadem
1282 2049 1557 2135 fabula112,84
1579 2052 1614 2115 in

375 2157 469 2223 libris
493 2158 649 2242 scriptum
674 2161 723 2221 est
744 2178 836 2239 quom
858 2158 960 2222 merui
981 2155 1034 2220 vel
1055 2159 1256 2240 quammerui,
1280 2157 1366 2241 quod
1383 2159 1560 2239 commerui,
1583 2161 1615 2221 et

378 2263 517 2348 1v2,50
542 2265 576 2328 in
595 2247 789 2328 contrariam
809 2268 932 2348 partem
952 2265 1082 2346 muana,
1106 2263 1658 2349 quodqucpiamessedebebat310

379 2373 507 2436 mittunt
534 2375 641 2435 autem
670 2375 745 2454 post
770 2373 882 2435 comita
906 2371 995 2435 facili
1018 2392 1124 2435 errore
1147 2370 1270 2456 negligi
1293 2371 1413 2455 potuit3
1436 2372 1471 2435 in
1494 2393 1558 2454 qua
1580 2393 1615 2434 re

381 2477 459 2542 illud
482 2499 613 2562 quoque
636 2477 864 2541 attendendum
888 2481 947 2560 cst,
971 2479 1005 2541 in
1024 2476 1223 2542 Mostellaria
1246 2476 1355 2542 multis
1374 2478 1455 2542 locis
1475 2478 1616 2562 syllabas

381 2586 428 2649 rel
451 2607 549 2650 voces
572 2585 723 2668 expulsas
746 2606 815 2648 esse
834 2586 867 2648 in
886 2584 988 2668 libris,
1011 2606 1254 2668 nonnumquam
1273 2585 1388 2669 spatiis
1406 2585 1537 2669 relictis,
1560 2587 1615 2650 sed

382 2712 472 2775 saepe
506 2691 597 2756 nullo
629 2691 748 2755 indicio
773 2692 964 2755 omissorum
993 2690 1087 2755 facto.
1130 2691 1276 2776 Denique
1304 2713 1367 2755 vox
1395 2692 1456 2756 ista
1484 2691 1615 2775 adiecta,

385 2818 475 2880 quam
499 2797 661 2862 sententia
684 2819 816 2882 poscere
835 2797 1013 2880 videbatur,
1037 2798 1135 2862 simul
1152 2820 1302 2862 versuum
1321 2821 1381 2882 par
1397 2798 1615 2883 probabilium

388 2903 492 2988 efficit,
521 2910 647 2969 servata
674 2909 850 2970 metrorum
880 2903 1094 2988 descriptione
1122 2926 1204 2988 quae
1233 2909 1280 2969 est
1308 2905 1341 2968 in
1366 2904 1483 2969 Vetere
1506 2906 1615 2972 codice

514 3012 571 3076 Ad
591 3012 739 3094 lepuuem
763 3032 828 3076 com
851 3013 898 3075 ita
921 3011 1057 3075 mittunt
1079 3011 1307 3075 adminiculum
1332 3014 1376 3076 eis
1399 3013 1522 3077 danunt

677 3120 760 3183 Tum
783 3120 849 3182 iam
873 3118 1008 3198 aliquem
1032 3124 1195 3200 aequatum
1218 3118 1354 3205 asum.*)

395 3220 532 3288 Nondum
566 3227 645 3289 satis
678 3225 800 3291 dictum
834 3229 883 3289 est
906 3224 944 3289 de
976 3223 1028 3288 his
1061 3225 1214 3289 versibus.
1261 3225 1324 3289 Sed
1357 3226 1444 3310 quod
1476 3227 1615 3292 addituri

359 3348 489 3405 lusimus
523 3339 560 3397 ut
588 3338 673 3397 recte
702 3332 911 3417 disceptetur,
944 3331 1133 3397 ordiendum
1161 3338 1211 3397 est
1238 3357 1257 3397 a
1283 3333 1430 3418 proxima
1458 3334 1617 3399 sententia
1630 3362 1657 3401 ro

399 3436 522 3505 &uuus
553 3439 667 3504 abeunt
698 3461 719 3504 a
749 3440 860 3521 fabrus.
903 3438 991 3515 Quae
1024 3461 1216 3523 quamquam
1248 3440 1325 3505 satis
1353 3463 1421 3505 esse
1448 3442 1617 3525 perspicua

400 3542 514 3630 videtur,
547 3551 655 3610 tamen
687 3547 879 3630 interpretes
911 3546 1058 3630 plerique
1091 3568 1201 3611 omnes
1234 3552 1290 3611 aut
1320 3546 1491 3612 haeserunt
1519 3550 1552 3612 in
1580 3571 1617 3612 ea

402 3667 485 3733 neque
503 3674 537 3716 se
556 3653 767 3737 expedierunt
786 3658 842 3716 aut
861 3652 1059 3717 emendando
1074 3658 1287 3737 corruperunt
1301 3676 1382 3737 quae
1396 3659 1482 3719 recte
1497 3657 1618 3739 scripta

405 3762 464 3821 erat.
495 3758 595 3823 Velut
614 3758 811 3825 Ritschelius
830 3761 957 3824 inanem
978 3781 1016 3823 ex
1036 3764 1170 3845 perapta
1189 3760 1367 3825 orationem
1386 3762 1520 3846 effinxit,
1543 3784 1615 3826 cum

407 3860 555 3930 inducente
573 3868 668 3931 metri
686 3868 811 3931 ratione
831 3867 886 3930 sed
904 3868 994 3930 nulla
1013 3888 1084 3931 cum
1104 3866 1333 3950 probabilitate
1346 3874 1496 3949 proteruus
1510 3868 1618 3932 ederet

406 3980 604 4057 mausus,
633 3995 697 4057 quo
725 3970 833 4037 tamen
861 3995 939 4038 usus
967 3973 1005 4037 A.
1026 3972 1216 4059 Spengelius
1246 3979 1278 4038 et
1306 3975 1373 4058 ipse
1401 3975 1493 4039 metri
1522 3997 1618 4039 causa

407 4090 460 4139 cun
477 4079 539 4145 boc
562 4080 693 4145 adderet
715 4083 752 4144 ut
773 4080 865 4161 fabro
888 4080 953 4166 legi
976 4079 1103 4144 iuberet
1125 4103 1184 4164 pro
1207 4080 1322 4161 fabris,
1347 4082 1396 4145 bis
1419 4083 1561 4168 graviter
1583 4083 1617 4145 in

407 4180 456 4245 tan
477 4186 595 4269 pusilla
623 4188 782 4250 sententia
809 4186 1001 4271 peccavit*).
1043 4186 1135 4251 Unus
1159 4184 1334 4270 Seyffertus
1357 4210 1430 4251 vere
1453 4188 1617 4273 iudicavit,

409 4283 509 4355 arsur
537 4292 669 4377 quidem
700 4293 796 4357 nobis
829 4315 902 4357 vere
934 4293 1105 4378 iudicasse3
1138 4316 1211 4357 nam
1245 4316 1305 4359 uec
1332 4293 1485 4380 Ussingio
1513 4316 1617 4379 neque

409 4384 538 4463 borenzio
566 4400 741 4482 persuasit,
770 4401 825 4484 qui
854 4400 1094 4486 interpretando
1123 4401 1157 4463 in
1184 4402 1281 4486 longe
1310 4400 1434 4465 diversa
1461 4402 1617 4467 abierunt.
1631 4431 1659 4472 ui

414 4513 599 4534 N——n

409 4578 520 4651 tumn.
557 4591 621 4646 Non
645 4591 729 4646 aliter
752 4610 824 4646 nunc
848 4593 878 4645 in
901 4593 1010 4662 protasi
1033 4594 1156 4662 positum
1180 4597 1224 4647 est
1247 4595 1288 4647 ita
1310 4599 1341 4647 ut
1366 4594 1538 4662 superiorem
1557 4611 1617 4648 ora·

410 4667 490 4731 fimum
508 4680 719 4749 complectatur.

411 4757 413 4760 ¹
476 4766 534 4836 ⁸1a)
552 4769 693 4824 Incertum
712 4773 756 4824 ast
774 4772 869 4824 utrum
882 4778 1015 4841 coquatua
1029 4772 1131 4839 aliquis
1144 4789 1212 4825 suus
1226 4771 1338 4824 dicatur
1352 4789 1388 4825 an
1403 4773 1505 4840 aliquis
1519 4790 1617 4841 capua-

410 4850 476 4906 bmm
488 4874 606 4924 swam,
620 4861 733 4927 poterat
747 4859 822 4912 enim
837 4861 994 4926 utrumque.
1021 4866 1143 4913 'tractuum
1157 4860 1245 4913 salute
1258 4861 1362 4914 socium
1376 4863 1419 4913 eat
1430 4860 1458 4913 in
1469 4860 1617 4914 Menaech-

409 4935 460 5005 θὴς
474 4948 500 4998 st
512 4947 540 4999 in
554 4946 646 5002 Milite
660 4946 734 5001 Glor.
750 4967 771 5000 11
786 4954 810 5013 5,
826 4955 859 5000 ‘22
874 4948 979 5001 dicitur
992 4949 1146 5002 vicinarum
1160 4949 1279 5016 uliquis;
1293 4948 1343 5002 sed
1358 4948 1387 5001 in
1403 4948 1502 5002 eadem
1518 4947 1615 5001 fabula

411 5031 501 5095 ΗΜ
518 5054 578 5090 cum
597 5044 719 5091 amatore
737 5037 830 5106 aliqua
849 5054 911 5102 sum
932 5039 961 5090 et
979 5036 1032 5089 boc
1052 5036 1150 5107 igitur,
1173 5040 1206 5089 ut
1225 5037 1315 5106 magis
1334 5037 1478 5105 proprium
1497 5036 1616 5098 videtur,

412 5126 468 5170 ’ΝΜ
483 5139 590 5193 quoque
608 5125 729 5180 voluisse
747 5129 861 5194 poetam
880 5128 1023 5195 putamus.

480 5210 538 5280 ’28)
556 5215 652 5269 Fabro
675 5230 741 5269 aaa
760 5214 884 5284 positum
903 5214 1071 5285 Spengelius
1091 5232 1146 5282 quo
1167 5219 1280 5268 tueatur
1299 5214 1418 5268 conferri
1437 5214 1517 5267 iubet
1536 5232 1559 5267 v.
1575 5218 1617 5265 33.

412 5284 456 5344 3⁹¹1
472 5296 548 5356 facile
569 5303 749 5373 intelligitur,
772 5305 885 5370 fabrum
904 5305 1015 5358 aedium
1032 5308 1108 5358 recte
1128 5304 1198 5369 dici,
1223 5304 1381 5370 diciturque
1400 5320 1456 5356 non
1476 5302 1566 5355 solum
1585 5318 1618 5355 eo

412 5372 462 5433 ¹⁰0⁰
476 5390 519 5442 sed
537 5392 621 5447 etiam
640 5398 684 5458 20,
698 5400 828 5462 pammac
846 5409 910 5447 vero
928 5392 985 5447 nisi
1003 5395 1098 5461 fabros
1118 5409 1173 5446 non
1193 5392 1319 5461 potuisse
1339 5391 1485 5460 appellari.

455 5480 568 5530 *aarum
581 5492 692 5540 opmn
705 5492 738 5531 u
1391 5484 1407 5534 8
