3925 6675
369 2376 396 2416 10

409 1117 475 1181 286
610 1119 719 1170 XLVII.
739 1119 855 1169 INDEX
872 1117 1087 1170 LECTIONUM
1106 1117 1337 1170 AESTIVARUM
1357 1120 1434 1170 1898.

408 1282 460 1346 vel
486 1301 597 1345 eorum
626 1279 804 1344 similitudo
832 1279 926 1345 docet
954 1301 1035 1364 quae
1063 1279 1097 1344 iu
1119 1277 1245 1344 Avibus
1269 1279 1468 1363 sycophanta
1490 1279 1641 1346 inductus

408 1389 447 1453 de
470 1410 504 1453 se
526 1387 652 1472 liquido
675 1391 708 1451 et
729 1388 821 1452 nullo
844 1386 967 1470 pudore
985 1387 1129 1472 exponit,
1151 1408 1190 1452 ex
1210 1385 1326 1470 quibus
1345 1407 1447 1471 pauca
1465 1387 1640 1474 seligimus.

410 1496 493 1560 1421
543 1499 616 1560 ΠΕ
639 1506 712 1578 μῶν
735 1495 822 1559 εὐθύ
846 1496 1020 1578 Πελλήνης
1042 1491 1201 1558 πέτεσθαι
1226 1494 1366 1578 διανοεῖς

545 1606 615 1666 ΣΤ.
638 1602 684 1685 μὰ
705 1599 760 1666 At
788 1600 872 1666 ἀλλὰ
895 1603 1017 1684 κλητήρ
1042 1602 1108 1682 εἰμι
1134 1601 1328 1684 νησιωτικὸς

640 1706 695 1772 καὶ
719 1708 932 1791 συκοφάντης

640 1812 695 1879 καὶ
718 1814 1002 1898 πραγματοδίφης.
1026 1807 1096 1879 εἶτα
1120 1812 1236 1898 δέομαι
1258 1815 1362 1898 πτερά
1386 1815 1497 1898 λαβὼν

411 1923 496 1988 1425
640 1922 752 2008 κύκλφ
774 1922 961 2005 περισοβεῖν
985 1921 1042 1996 τάς
1065 1923 1178 1998 πόλεις
1200 1921 1404 2003 καλούμενος
1428 1959 1470 1968 ——
1494 1959 1536 1970 -

411 2083 496 2147 1431
544 2085 618 2147 HE.
642 2085 776 2158 νεανίας
800 2081 848 2146 ὧν
871 2091 1093 2164 συκοφαντεῖς
1116 2081 1195 2156 τοὺς
1217 2078 1347 2158 ξένουςς

409 2243 496 2307 1452
544 2246 614 2306 ΣΤ.
637 2251 794 2329 παππῷος
817 2240 835 2307 ὁ
858 2242 932 2324 βίος
955 2251 1180 2323 συκοφαντεῖν
1203 2240 1275 2306 ἐστι
1295 2265 1360 2326 μοι.

640 2349 724 2414 ἀλλὰ
746 2347 871 2432 πτέρου
893 2370 933 2430 με
956 2346 1069 2430 ταχέσι
1092 2345 1146 2412 καὶ
1170 2349 1311 2432 κούφοις
1333 2361 1465 2434 πτεροῖς

641 2455 771 2541 ἱέρακος
793 2453 813 2538 ἢ
836 2456 1033 2540 κερχνῇδος,
1056 2455 1100 2531 ὡς
1123 2453 1165 2519 ἂν
1188 2457 1267 2532 τοὺς
1290 2454 1405 2534 ξένους

410 2562 496 2628 1455
641 2562 861 2643 καλεσάμενος
883 2552 954 2646 κᾷτ’
982 2559 1185 2646 ἐγκεκληκὼς
1209 2560 1329 2627 ἐνθαδὶ

640 2667 716 2734 κατ’
738 2663 782 2734 αὖ
805 2667 952 2753 πέτομαι
975 2667 1078 2734 πάλιν
1101 2667 1214 2734 ἐκεῖσε.
1239 2673 1311 2734 ΠΕ.
1330 2672 1501 2755 μανθάνω.

640 2775 701 2842 ὡδὶ
727 2775 844 2859 λέγεις·
868 2775 958 2852 ὅπως
982 2775 1025 2841 dv
1048 2775 1185 2862 ὠφλήκῃ
1210 2777 1307 2862 δίκην

641 2883 763 2949 ἐνθάθε
786 2882 867 2966 πρὶν
888 2882 982 2964 ἥκειν
1005 2881 1023 2947 ὁ
1047 2882 1148 2961 ξένος.
1182 2888 1251 2948 ΣΤ.
1274 2885 1363 2949 πάνυ
1386 2886 1578 2970 μανθάνεις.

543 2996 616 3057 ΠΕ.
640 2987 773 3056 κᾶπειθ’
801 2985 904 3072 ὁμὲν
926 2994 1003 3054 πλεῖ
1025 2991 1135 3074 δεῦρο,
1160 2991 1202 3054 σὺ
1226 2988 1255 3055 θ’
1283 2989 1387 3056 ἐκεῖσ’
1411 2987 1453 3056 αὖ
1476 2991 1566 3058 πέτει

411 3098 498 3164 1460
632 3098 860 3180 ἁρπασόμενος
882 3097 923 3160 τὰ
945 3095 1079 3180 χρήματ’
1109 3097 1222 3162 αὐτοῦ.
1256 3101 1326 3162 ΣΤ.
1348 3097 1443 3164 πάντ’
1470 3096 1565 3184 ἔχεις.

408 3205 456 3272 Ut
481 3206 649 3270 mittamus
678 3204 742 3267 alia
769 3223 852 3286 quae
876 3202 945 3267 eius
968 3205 1096 3289 generis
1120 3203 1287 3290 complura
1310 3209 1386 3270 sunt
1408 3205 1494 3290 apud
1517 3205 1642 3273 Aristo·

411 3313 555 3399 phanem.
592 3310 696 3377 Nobis
720 3310 799 3375 setis
822 3313 871 3375 est
894 3309 1072 3375 ostendisse
1091 3332 1131 3377 ne
1151 3311 1192 3376 ab
1211 3311 1271 3378 hac
1289 3313 1419 3397 quidem
1438 3336 1472 3379 re
1490 3315 1641 3381 restituto

410 3421 514 3485 ordini
537 3441 688 3484 versuum
711 3418 812 3481 ullam
836 3416 914 3481 oriri
937 3416 1170 3483 difficultatem.

497 3526 664 3591 Postremo
692 3547 733 3589 ue
761 3524 840 3608 quid
866 3526 1160 3608 praetermittamus
1190 3548 1253 3611 quo
1282 3532 1393 3593 nostra
1416 3526 1642 3595 corroboretur

409 3634 530 3718 opinio,
554 3632 641 3717 quod
663 3631 788 3697 librarii
812 3631 984 3697 oscitantia
1007 3654 1026 3695 a
1049 3630 1111 3696 καὶ
1136 3643 1269 3709 σκοπεῖς
1287 3632 1383 3720 (264)
1407 3634 1447 3699 ad
1467 3634 1531 3699 κάν
1548 3632 1641 3723 (aba)

408 3739 470 3805 τιν’
498 3737 593 3826 (261)
617 3739 796 3804 aberrantis
819 3738 899 3802 duos
922 3759 1033 3802 versus
1056 3740 1141 3803 inter
1164 3740 1366 3805 scribendum
1390 3740 1539 3827 omissos,
1567 3742 1642 3809 dein

409 3846 575 3931 suppletos
601 3868 668 3910 non
695 3867 786 3910 suam
813 3844 984 3930 pristinam
1013 3844 1120 3911 sedem
1148 3866 1321 3931 occupasse
1349 3848 1536 3932 statuimus,
1563 3848 1642 3932 quid

408 3955 443 4019 iu
474 3976 512 4019 ea
540 3977 575 4019 re
602 3958 653 4019 est
679 3953 766 4037 quod
793 3952 845 4015 vel
872 3952 1072 4017 severissime
1099 3953 1254 4017 iudicanti
1281 3954 1469 4019 incredibile
1496 3955 1643 4021 videatur

409 4066 466 4127 aut
488 4084 559 4127 cum
578 4062 707 4127 illorum
726 4060 860 4124 audacia
877 4058 1063 4124 conferatur
1081 4060 1137 4143 qui
1155 4060 1309 4124 litterulis
1327 4060 1489 4127 liberrime
1507 4064 1641 4128 mutatis

409 4168 471 4233 sibi
498 4170 562 4234 visi
589 4171 665 4233 sunt
693 4166 779 4251 quod
806 4165 974 4252 probabile
999 4166 1042 4229 sit
1065 4168 1203 4231 assecuti
1226 4188 1302 4231 esse.
1341 4166 1489 4233 Ceterum
1512 4170 1546 4234 in
1569 4192 1642 4253 pro-

408 4276 521 4359 patulo
545 4278 607 4359 eat,
635 4279 668 4339 et
689 4272 751 4338 hac
773 4278 806 4337 et
828 4272 885 4337 illa
907 4272 960 4336 via
982 4272 1173 4337 emendandi
1196 4294 1290 4357 posse
1312 4276 1452 4359 peccari,
1476 4280 1509 4341 et
1532 4278 1642 4341 omnia

409 4382 547 4465 pendere
572 4404 592 4445 a
614 4380 825 4445 moderatrice
846 4379 960 4442 harum
985 4400 1091 4443 rerum
1115 4380 1248 4445 ratione.
1284 4378 1397 4465 ltaque
1420 4386 1457 4447 ut
1480 4380 1536 4447 illu
1559 4404 1642 4468 quae

409 4487 513 4552 adhuc
536 4487 786 4570 disceptavimus
808 4484 1014 4568 transpositis
1033 4485 1178 4551 versibus
1197 4488 1301 4553 ranam
1321 4489 1520 4575 confidimus,
1543 4490 1589 4555 ita
1607 4492 1644 4557 iu

410 4596 605 4659 contrarium
628 4592 868 4677 transponendo
893 4591 970 4674 quid
993 4592 1103 4656 noceri
1122 4594 1224 4677 possit
1244 4596 1353 4660 statim
1373 4594 1475 4661 altero
1493 4596 1641 4681 exemplo

410 4723 449 4765 ex
471 4700 647 4784 Equitibus
669 4701 772 4784 petito
797 4698 956 4762 declarare
979 4696 1176 4763 conabimur.

498 4806 577 4872 Inde
600 4829 619 4871 a
641 4828 670 4870 v.
690 4805 733 4869 80
756 4826 861 4869 sermo
885 4804 1021 4868 duorum
1045 4804 1239 4871 famulorum
1265 4809 1310 4873 ita
1332 4809 1486 4894 procedit.

455 4914 498 4979 80
554 4917 617 4979 Nl.
639 4912 816 4995 κράτιστον
839 4906 902 4977 οὖν
926 4919 992 4999 νῷν
1015 4910 1208 4979 ἀποθανεῖν.
1242 4920 1318 4981 AH.
1342 4916 1425 4983 ἀλλὰ
1449 4920 1564 4985 σκόπει

641 5020 730 5096 ὅπως
753 5018 796 5083 ἂν
818 5018 1044 5099 ἀποθάνωμεν
1068 5019 1305 5103 ἀνδρικώτατα.

554 5130 616 5193 NI.
638 5138 708 5204 πῶς
730 5129 813 5211 θῆτα
836 5137 905 5202 πῶς
928 5124 1057 5208 γένοιτ’
1079 5122 1122 5189 άν
1145 5124 1386 5211 &edormiscam

642 5234 814 5317 βέλτιστον
836 5232 916 5317 ἡμῖν
939 5221 1019 5315 αἷμα
1040 5232 1197 5315 ταύρειον
1222 5246 1320 5301 πιεῖν.

643 5340 661 5407 ὁ
686 5339 947 5424 Θεμιστοκλέους
969 5342 1033 5425 μὰρ
1056 5338 1203 5417 θάνατος
1226 5342 1449 5433 αἱρετώτερος.
