<?xml version="1.0" encoding="UTF-8"?>
<!DOCTYPE html PUBLIC "-//W3C//DTD XHTML 1.0 Transitional//EN"
    "http://www.w3.org/TR/xhtml1/DTD/xhtml1-transitional.dtd">
<html xmlns="http://www.w3.org/1999/xhtml" xml:lang="en" lang="en">
 <head>
  <title>
</title>
<meta http-equiv="Content-Type" content="text/html;charset=utf-8" />
  <meta name='ocr-system' content='tesseract 3.04.00' />
  <meta name='ocr-capabilities' content='ocr_page ocr_carea ocr_par ocr_line ocrx_word'/>
</head>
<body>
  <div class='ocr_page' id='page_1' title='image "./iohannisvahleni01vahlgoog/iohannisvahleni01vahlgoog_0319.png"; bbox 0 0 3925 6675; ppageno 0'>
   <div class='ocr_carea' id='block_1_1' title="bbox 593 1033 1605 1125">
    <p class='ocr_par' dir='ltr' id='par_1_1' title="bbox 593 1033 1605 1125">
     <span class='ocr_line' id='line_1_1' title="bbox 593 1033 1605 1125; baseline 0.004 -40"><span class='ocrx_word' id='word_1_1' title='bbox 593 1034 842 1088; x_wconf 65' lang='lat' dir='ltr'><strong>accremari</strong></span> <span class='ocrx_word' id='word_1_2' title='bbox 860 1036 899 1085; x_wconf 83' lang='lat' dir='ltr'><strong>IN</strong></span> <span class='ocrx_word' id='word_1_3' title='bbox 919 1035 1112 1125; x_wconf 67' lang='lat' dir='ltr'><strong>emenonis</strong></span> <span class='ocrx_word' id='word_1_4' title='bbox 1133 1034 1386 1088; x_wconf 81' lang='lat' dir='ltr'><strong>ORATIONIBUS.</strong></span> <span class='ocrx_word' id='word_1_5' title='bbox 1541 1033 1605 1096; x_wconf 83' lang='lat'><strong>311</strong></span> 
     </span>
    </p>
   </div>
   <div class='ocr_carea' id='block_1_2' title="bbox 324 1194 1657 5345">
    <p class='ocr_par' dir='ltr' id='par_1_2' title="bbox 337 1194 1649 2244">
     <span class='ocr_line' id='line_1_2' title="bbox 337 1194 1609 1282; baseline -0.006 -16"><span class='ocrx_word' id='word_1_6' title='bbox 337 1207 359 1266; x_wconf 77' lang='lat'>4</span> <span class='ocrx_word' id='word_1_7' title='bbox 466 1194 581 1282; x_wconf 89' lang='lat' dir='ltr'><strong>Itaque</strong></span> <span class='ocrx_word' id='word_1_8' title='bbox 602 1217 677 1278; x_wconf 81' lang='lat' dir='ltr'><strong>nos,</strong></span> <span class='ocrx_word' id='word_1_9' title='bbox 704 1197 851 1280; x_wconf 86' lang='lat' dir='ltr'><strong>quinon</strong></span> <span class='ocrx_word' id='word_1_10' title='bbox 873 1195 935 1260; x_wconf 88' lang='lat' dir='ltr'><strong>hoc</strong></span> <span class='ocrx_word' id='word_1_11' title='bbox 958 1196 1052 1261; x_wconf 92' lang='lat' dir='ltr'><strong>nobis</strong></span> <span class='ocrx_word' id='word_1_12' title='bbox 1076 1196 1231 1261; x_wconf 83' lang='lat' dir='ltr'>sumimus</span> <span class='ocrx_word' id='word_1_13' title='bbox 1254 1197 1456 1262; x_wconf 82' lang='lat' dir='ltr'><strong>ut&#39;eruditos</strong></span> <span class='ocrx_word' id='word_1_14' title='bbox 1480 1198 1609 1262; x_wconf 83' lang='lat' dir='ltr'><strong>criticos</strong></span> 
     </span>
     <span class='ocr_line' id='line_1_3' title="bbox 374 1302 1610 1387; baseline -0.001 -20"><span class='ocrx_word' id='word_1_15' title='bbox 374 1303 556 1387; x_wconf 88' lang='lat' dir='ltr'><strong>doceamus,</strong></span> <span class='ocrx_word' id='word_1_16' title='bbox 578 1325 689 1368; x_wconf 85' lang='lat' dir='ltr'><strong>verum</strong></span> <span class='ocrx_word' id='word_1_17' title='bbox 711 1303 745 1366; x_wconf 90' lang='lat' dir='ltr'><strong>id</strong></span> <span class='ocrx_word' id='word_1_18' title='bbox 769 1302 874 1368; x_wconf 91' lang='lat' dir='ltr'><strong>solum</strong></span> <span class='ocrx_word' id='word_1_19' title='bbox 896 1306 1058 1366; x_wconf 86' lang='lat' dir='ltr'><strong>sectamur</strong></span> <span class='ocrx_word' id='word_1_20' title='bbox 1080 1307 1117 1366; x_wconf 93' lang='lat' dir='ltr'><strong>ut</strong></span> <span class='ocrx_word' id='word_1_21' title='bbox 1141 1302 1312 1367; x_wconf 86' lang='lat' dir='ltr'><strong>iuvenibus</strong></span> <span class='ocrx_word' id='word_1_22' title='bbox 1331 1305 1387 1387; x_wconf 90' lang='lat' dir='ltr'><strong>qui</strong></span> <span class='ocrx_word' id='word_1_23' title='bbox 1405 1303 1485 1368; x_wconf 89' lang='lat' dir='ltr'><strong>haec</strong></span> <span class='ocrx_word' id='word_1_24' title='bbox 1504 1303 1610 1367; x_wconf 91' lang='lat' dir='ltr'><strong>studia</strong></span> 
     </span>
     <span class='ocr_line' id='line_1_4' title="bbox 372 1409 1609 1496; baseline -0.001 -20"><span class='ocrx_word' id='word_1_25' title='bbox 372 1416 546 1496; x_wconf 89' lang='lat' dir='ltr'><strong>capessunt</strong></span> <span class='ocrx_word' id='word_1_26' title='bbox 577 1409 664 1474; x_wconf 81' lang='lat' dir='ltr'><strong>riam</strong></span> <span class='ocrx_word' id='word_1_27' title='bbox 696 1411 724 1474; x_wconf 94' lang='lat' dir='ltr'><strong>si</strong></span> <span class='ocrx_word' id='word_1_28' title='bbox 754 1409 917 1494; x_wconf 91' lang='lat' dir='ltr'><strong>possimus</strong></span> <span class='ocrx_word' id='word_1_29' title='bbox 949 1413 1165 1474; x_wconf 77' lang='lat' dir='ltr'><strong>monstremus</strong></span> <span class='ocrx_word' id='word_1_30' title='bbox 1193 1431 1257 1493; x_wconf 91' lang='lat' dir='ltr'><strong>qua</strong></span> <span class='ocrx_word' id='word_1_31' title='bbox 1286 1409 1337 1472; x_wconf 82' lang='lat' dir='ltr'><strong>ria</strong></span> <span class='ocrx_word' id='word_1_32' title='bbox 1363 1414 1449 1474; x_wconf 90' lang='lat' dir='ltr'><strong>recte</strong></span> <span class='ocrx_word' id='word_1_33' title='bbox 1477 1413 1509 1474; x_wconf 90' lang='lat' dir='ltr'><strong>et</strong></span> <span class='ocrx_word' id='word_1_34' title='bbox 1536 1433 1609 1475; x_wconf 91' lang='lat' dir='ltr'><strong>cum</strong></span> 
     </span>
     <span class='ocr_line' id='line_1_5' title="bbox 373 1514 1609 1602; baseline -0.001 -20"><span class='ocrx_word' id='word_1_35' title='bbox 373 1517 481 1583; x_wconf 79' lang='lat' dir='ltr'><strong>fructu</strong></span> <span class='ocrx_word' id='word_1_36' title='bbox 505 1517 699 1602; x_wconf 90' lang='lat' dir='ltr'><strong>scriptorum</strong></span> <span class='ocrx_word' id='word_1_37' title='bbox 720 1522 863 1582; x_wconf 82' lang='lat' dir='ltr'><strong>veterum</strong></span> <span class='ocrx_word' id='word_1_38' title='bbox 881 1514 983 1581; x_wconf 92' lang='lat' dir='ltr'><strong>libros</strong></span> <span class='ocrx_word' id='word_1_39' title='bbox 1002 1519 1140 1581; x_wconf 89' lang='lat' dir='ltr'><strong>tractare</strong></span> <span class='ocrx_word' id='word_1_40' title='bbox 1159 1517 1292 1600; x_wconf 88' lang='lat' dir='ltr'><strong>discant,</strong></span> <span class='ocrx_word' id='word_1_41' title='bbox 1311 1537 1365 1580; x_wconf 89' lang='lat' dir='ltr'><strong>eos</strong></span> <span class='ocrx_word' id='word_1_42' title='bbox 1385 1516 1418 1580; x_wconf 95' lang='lat' dir='ltr'><strong>in</strong></span> <span class='ocrx_word' id='word_1_43' title='bbox 1437 1515 1609 1601; x_wconf 77' lang='lat' dir='ltr'><strong>haeparte</strong></span> 
     </span>
     <span class='ocr_line' id='line_1_6' title="bbox 373 1623 1609 1710; baseline 0 -22"><span class='ocrx_word' id='word_1_44' title='bbox 373 1647 472 1709; x_wconf 90' lang='lat' dir='ltr'><strong>quarn</strong></span> <span class='ocrx_word' id='word_1_45' title='bbox 494 1645 581 1690; x_wconf 88' lang='lat' dir='ltr'><strong>nunc</strong></span> <span class='ocrx_word' id='word_1_46' title='bbox 603 1625 820 1710; x_wconf 76' lang='lat' dir='ltr'><strong>disceptamus</strong></span> <span class='ocrx_word' id='word_1_47' title='bbox 843 1644 972 1688; x_wconf 89' lang='lat' dir='ltr'><strong>monere</strong></span> <span class='ocrx_word' id='word_1_48' title='bbox 996 1625 1230 1708; x_wconf 76' lang='lat' dir='ltr'><strong>consuevimus,</strong></span> <span class='ocrx_word' id='word_1_49' title='bbox 1256 1624 1397 1708; x_wconf 89' lang='lat' dir='ltr'><strong>primurn</strong></span> <span class='ocrx_word' id='word_1_50' title='bbox 1420 1628 1457 1687; x_wconf 91' lang='lat' dir='ltr'><strong>ut</strong></span> <span class='ocrx_word' id='word_1_51' title='bbox 1480 1623 1609 1688; x_wconf 85' lang='lat' dir='ltr'><strong>omissis</strong></span> 
     </span>
     <span class='ocr_line' id='line_1_7' title="bbox 372 1728 1608 1816; baseline -0.002 -20"><span class='ocrx_word' id='word_1_52' title='bbox 372 1753 456 1816; x_wconf 87' lang='lat' dir='ltr'><strong>qnae</strong></span> <span class='ocrx_word' id='word_1_53' title='bbox 475 1732 582 1796; x_wconf 90' lang='lat' dir='ltr'><strong>omitti</strong></span> <span class='ocrx_word' id='word_1_54' title='bbox 601 1730 705 1796; x_wconf 90' lang='lat' dir='ltr'><strong>critici</strong></span> <span class='ocrx_word' id='word_1_55' title='bbox 723 1731 837 1796; x_wconf 90' lang='lat' dir='ltr'><strong>iubent</strong></span> <span class='ocrx_word' id='word_1_56' title='bbox 855 1728 933 1814; x_wconf 91' lang='lat' dir='ltr'><strong>quid</strong></span> <span class='ocrx_word' id='word_1_57' title='bbox 950 1730 1174 1796; x_wconf 77' lang='lat' dir='ltr'><strong>nanciscamur</strong></span> <span class='ocrx_word' id='word_1_58' title='bbox 1193 1734 1249 1795; x_wconf 90' lang='lat' dir='ltr'><strong>aut</strong></span> <span class='ocrx_word' id='word_1_59' title='bbox 1267 1729 1346 1814; x_wconf 93' lang='lat' dir='ltr'><strong>quid</strong></span> <span class='ocrx_word' id='word_1_60' title='bbox 1359 1729 1441 1796; x_wconf 91' lang='lat' dir='ltr'><strong>lucri</strong></span> <span class='ocrx_word' id='word_1_61' title='bbox 1456 1729 1608 1795; x_wconf 82' lang='lat' dir='ltr'><strong>afferatur</strong></span> 
     </span>
     <span class='ocr_line' id='line_1_8' title="bbox 372 1836 1608 1922; baseline 0 -20"><span class='ocrx_word' id='word_1_62' title='bbox 372 1838 526 1922; x_wconf 82' lang='lat' dir='ltr'><strong>scriptori</strong></span> <span class='ocrx_word' id='word_1_63' title='bbox 549 1842 698 1904; x_wconf 88' lang='lat' dir='ltr'><strong>accurate</strong></span> <span class='ocrx_word' id='word_1_64' title='bbox 720 1842 753 1902; x_wconf 91' lang='lat' dir='ltr'><strong>et</strong></span> <span class='ocrx_word' id='word_1_65' title='bbox 776 1836 888 1902; x_wconf 87' lang='lat' dir='ltr'><strong>subtili</strong></span> <span class='ocrx_word' id='word_1_66' title='bbox 910 1836 1030 1902; x_wconf 91' lang='lat' dir='ltr'><strong>iudicio</strong></span> <span class='ocrx_word' id='word_1_67' title='bbox 1053 1837 1262 1922; x_wconf 77' lang='lat' dir='ltr'><strong>perpendant,</strong></span> <span class='ocrx_word' id='word_1_68' title='bbox 1285 1841 1433 1902; x_wconf 85' lang='lat' dir='ltr'><strong>caventes</strong></span> <span class='ocrx_word' id='word_1_69' title='bbox 1456 1859 1497 1902; x_wconf 94' lang='lat' dir='ltr'><strong>ne</strong></span> <span class='ocrx_word' id='word_1_70' title='bbox 1521 1838 1608 1902; x_wconf 91' lang='lat' dir='ltr'><strong>unci-</strong></span> 
     </span>
     <span class='ocr_line' id='line_1_9' title="bbox 371 1943 1607 2028; baseline -0.001 -18"><span class='ocrx_word' id='word_1_71' title='bbox 371 1949 450 2010; x_wconf 87' lang='lat' dir='ltr'><strong>nata</strong></span> <span class='ocrx_word' id='word_1_72' title='bbox 482 1947 628 2010; x_wconf 90' lang='lat' dir='ltr'><strong>oratione</strong></span> <span class='ocrx_word' id='word_1_73' title='bbox 660 1944 862 2028; x_wconf 89' lang='lat' dir='ltr'><strong>decipiantur</strong></span> <span class='ocrx_word' id='word_1_74' title='bbox 893 1947 930 2007; x_wconf 88' lang='lat' dir='ltr'><strong>ut</strong></span> <span class='ocrx_word' id='word_1_75' title='bbox 961 1943 1071 2008; x_wconf 86' lang='lat' dir='ltr'><strong>adesse</strong></span> <span class='ocrx_word' id='word_1_76' title='bbox 1103 1943 1233 2009; x_wconf 89' lang='lat' dir='ltr'><strong>credant</strong></span> <span class='ocrx_word' id='word_1_77' title='bbox 1266 1965 1347 2028; x_wconf 88' lang='lat' dir='ltr'><strong>quae</strong></span> <span class='ocrx_word' id='word_1_78' title='bbox 1380 1944 1509 2008; x_wconf 91' lang='lat' dir='ltr'><strong>absunt:</strong></span> <span class='ocrx_word' id='word_1_79' title='bbox 1542 1966 1607 2028; x_wconf 92' lang='lat' dir='ltr'><strong>quo</strong></span> 
     </span>
     <span class='ocr_line' id='line_1_10' title="bbox 371 2049 1608 2138; baseline -0.003 -20"><span class='ocrx_word' id='word_1_80' title='bbox 371 2052 460 2118; x_wconf 81' lang='lat' dir='ltr'><strong>facto</strong></span> <span class='ocrx_word' id='word_1_81' title='bbox 484 2074 578 2137; x_wconf 83' lang='lat' dir='ltr'><strong>saepe</strong></span> <span class='ocrx_word' id='word_1_82' title='bbox 602 2051 741 2138; x_wconf 78' lang='lat' dir='ltr'><strong>intelligi</strong></span> <span class='ocrx_word' id='word_1_83' title='bbox 764 2050 895 2117; x_wconf 86' lang='lat' dir='ltr'><strong>criticos</strong></span> <span class='ocrx_word' id='word_1_84' title='bbox 916 2072 983 2115; x_wconf 88' lang='lat' dir='ltr'><strong>non</strong></span> <span class='ocrx_word' id='word_1_85' title='bbox 1000 2054 1164 2116; x_wconf 89' lang='lat' dir='ltr'><strong>assecutos</strong></span> <span class='ocrx_word' id='word_1_86' title='bbox 1183 2073 1253 2116; x_wconf 86' lang='lat' dir='ltr'><strong>esse</strong></span> <span class='ocrx_word' id='word_1_87' title='bbox 1272 2049 1359 2135; x_wconf 90' lang='lat' dir='ltr'><strong>quod</strong></span> <span class='ocrx_word' id='word_1_88' title='bbox 1377 2049 1549 2135; x_wconf 82' lang='lat' dir='ltr'><strong>voluerint,</strong></span> <span class='ocrx_word' id='word_1_89' title='bbox 1571 2055 1608 2114; x_wconf 93' lang='lat' dir='ltr'><strong>ut</strong></span> 
     </span>
     <span class='ocr_line' id='line_1_11' title="bbox 372 2155 1649 2244; baseline 0.001 -21"><span class='ocrx_word' id='word_1_90' title='bbox 372 2158 575 2244; x_wconf 90' lang='lat' dir='ltr'><strong>probabilem</strong></span> <span class='ocrx_word' id='word_1_91' title='bbox 602 2159 740 2224; x_wconf 85' lang='lat' dir='ltr'><strong>formam</strong></span> <span class='ocrx_word' id='word_1_92' title='bbox 768 2162 800 2222; x_wconf 89' lang='lat' dir='ltr'><strong>et</strong></span> <span class='ocrx_word' id='word_1_93' title='bbox 827 2178 909 2242; x_wconf 91' lang='lat' dir='ltr'><strong>qnae</strong></span> <span class='ocrx_word' id='word_1_94' title='bbox 936 2157 1106 2240; x_wconf 90' lang='lat' dir='ltr'><strong>scriptoris</strong></span> <span class='ocrx_word' id='word_1_95' title='bbox 1132 2156 1292 2244; x_wconf 75' lang='lat' dir='ltr'><strong>elegantia</strong></span> <span class='ocrx_word' id='word_1_96' title='bbox 1315 2161 1372 2222; x_wconf 88' lang='lat' dir='ltr'><strong>aut</strong></span> <span class='ocrx_word' id='word_1_97' title='bbox 1394 2155 1649 2242; x_wconf 82' lang='lat' dir='ltr'><strong>amplitudinem</strong></span> 
     </span>
    </p>

    <p class='ocr_par' dir='ltr' id='par_1_3' title="bbox 324 2263 1649 3741">
     <span class='ocr_line' id='line_1_12' title="bbox 324 2263 1608 2352; baseline -0.002 -22"><span class='ocrx_word' id='word_1_98' title='bbox 324 2340 328 2346; x_wconf 25' lang='lat'><strong>¹</strong></span> <span class='ocrx_word' id='word_1_99' title='bbox 370 2267 470 2352; x_wconf 86' lang='lat' dir='ltr'><strong>digna</strong></span> <span class='ocrx_word' id='word_1_100' title='bbox 496 2271 580 2330; x_wconf 90' lang='lat' dir='ltr'><strong>esset</strong></span> <span class='ocrx_word' id='word_1_101' title='bbox 606 2264 816 2330; x_wconf 90' lang='lat' dir='ltr'><strong>rescindendo</strong></span> <span class='ocrx_word' id='word_1_102' title='bbox 843 2264 1050 2350; x_wconf 79' lang='lat' dir='ltr'><strong>refingerent3</strong></span> <span class='ocrx_word' id='word_1_103' title='bbox 1083 2263 1221 2329; x_wconf 90' lang='lat' dir='ltr'><strong>secundo</strong></span> <span class='ocrx_word' id='word_1_104' title='bbox 1249 2267 1356 2328; x_wconf 86' lang='lat' dir='ltr'><strong>autern</strong></span> <span class='ocrx_word' id='word_1_105' title='bbox 1386 2265 1471 2342; x_wconf 87' lang='lat' dir='ltr'><strong>loco,</strong></span> <span class='ocrx_word' id='word_1_106' title='bbox 1504 2268 1540 2327; x_wconf 91' lang='lat' dir='ltr'><strong>ut</strong></span> <span class='ocrx_word' id='word_1_107' title='bbox 1568 2285 1608 2327; x_wconf 93' lang='lat' dir='ltr'><strong>ne</strong></span> 
     </span>
     <span class='ocr_line' id='line_1_13' title="bbox 371 2370 1608 2456; baseline -0.004 -20"><span class='ocrx_word' id='word_1_108' title='bbox 371 2393 525 2455; x_wconf 90' lang='lat' dir='ltr'><strong>umquam</strong></span> <span class='ocrx_word' id='word_1_109' title='bbox 551 2372 714 2456; x_wconf 85' lang='lat' dir='ltr'><strong>inquirere</strong></span> <span class='ocrx_word' id='word_1_110' title='bbox 741 2371 981 2456; x_wconf 80' lang='lat' dir='ltr'><strong>supersedeant.</strong></span> <span class='ocrx_word' id='word_1_111' title='bbox 1015 2393 1097 2454; x_wconf 91' lang='lat' dir='ltr'><strong>quae</strong></span> <span class='ocrx_word' id='word_1_112' title='bbox 1124 2371 1206 2435; x_wconf 87' lang='lat' dir='ltr'><strong>falso</strong></span> <span class='ocrx_word' id='word_1_113' title='bbox 1235 2370 1344 2436; x_wconf 88' lang='lat' dir='ltr'><strong>addita</strong></span> <span class='ocrx_word' id='word_1_114' title='bbox 1372 2392 1441 2435; x_wconf 88' lang='lat' dir='ltr'><strong>esse</strong></span> <span class='ocrx_word' id='word_1_115' title='bbox 1469 2370 1608 2436; x_wconf 79' lang='lat' dir='ltr'><strong>editores</strong></span> 
     </span>
     <span class='ocr_line' id='line_1_14' title="bbox 369 2477 1607 2562; baseline -0.002 -18"><span class='ocrx_word' id='word_1_116' title='bbox 369 2478 548 2562; x_wconf 82' lang='lat' dir='ltr'><strong>affirmant,</strong></span> <span class='ocrx_word' id='word_1_117' title='bbox 576 2500 614 2543; x_wconf 92' lang='lat' dir='ltr'><strong>ea</strong></span> <span class='ocrx_word' id='word_1_118' title='bbox 640 2501 704 2562; x_wconf 89' lang='lat' dir='ltr'><strong>qua</strong></span> <span class='ocrx_word' id='word_1_119' title='bbox 731 2477 771 2542; x_wconf 92' lang='lat' dir='ltr'><strong>de</strong></span> <span class='ocrx_word' id='word_1_120' title='bbox 798 2500 895 2542; x_wconf 89' lang='lat' dir='ltr'><strong>causa</strong></span> <span class='ocrx_word' id='word_1_121' title='bbox 921 2482 977 2542; x_wconf 89' lang='lat' dir='ltr'><strong>aut</strong></span> <span class='ocrx_word' id='word_1_122' title='bbox 1006 2499 1070 2562; x_wconf 89' lang='lat' dir='ltr'><strong>que</strong></span> <span class='ocrx_word' id='word_1_123' title='bbox 1099 2478 1234 2544; x_wconf 88' lang='lat' dir='ltr'><strong>consilio</strong></span> <span class='ocrx_word' id='word_1_124' title='bbox 1263 2478 1352 2545; x_wconf 91' lang='lat' dir='ltr'><strong>ducti</strong></span> <span class='ocrx_word' id='word_1_125' title='bbox 1381 2477 1540 2542; x_wconf 88' lang='lat' dir='ltr'><strong>addidisse</strong></span> <span class='ocrx_word' id='word_1_126' title='bbox 1565 2479 1607 2541; x_wconf 84' lang='lat' dir='ltr'><strong>vi-</strong></span> 
     </span>
     <span class='ocr_line' id='line_1_15' title="bbox 371 2583 1607 2670; baseline -0.001 -22"><span class='ocrx_word' id='word_1_127' title='bbox 371 2583 509 2650; x_wconf 87' lang='lat' dir='ltr'><strong>deantur</strong></span> <span class='ocrx_word' id='word_1_128' title='bbox 531 2585 587 2670; x_wconf 90' lang='lat' dir='ltr'><strong>qui</strong></span> <span class='ocrx_word' id='word_1_129' title='bbox 610 2585 813 2650; x_wconf 89' lang='lat' dir='ltr'><strong>addiderunt:</strong></span> <span class='ocrx_word' id='word_1_130' title='bbox 837 2585 893 2668; x_wconf 92' lang='lat' dir='ltr'><strong>qui</strong></span> <span class='ocrx_word' id='word_1_131' title='bbox 916 2583 978 2650; x_wconf 91' lang='lat' dir='ltr'><strong>hoc</strong></span> <span class='ocrx_word' id='word_1_132' title='bbox 1002 2586 1154 2650; x_wconf 86' lang='lat' dir='ltr'><strong>omittant</strong></span> <span class='ocrx_word' id='word_1_133' title='bbox 1177 2606 1337 2670; x_wconf 90' lang='lat' dir='ltr'><strong>quaerere,</strong></span> <span class='ocrx_word' id='word_1_134' title='bbox 1362 2589 1399 2649; x_wconf 93' lang='lat' dir='ltr'><strong>ut</strong></span> <span class='ocrx_word' id='word_1_135' title='bbox 1422 2606 1532 2650; x_wconf 88' lang='lat' dir='ltr'><strong>caecos</strong></span> <span class='ocrx_word' id='word_1_136' title='bbox 1555 2606 1607 2648; x_wconf 87' lang='lat' dir='ltr'><strong>ra·</strong></span> 
     </span>
     <span class='ocr_line' id='line_1_16' title="bbox 371 2691 1608 2777; baseline -0.001 -20"><span class='ocrx_word' id='word_1_137' title='bbox 371 2692 483 2758; x_wconf 89' lang='lat' dir='ltr'><strong>cillare</strong></span> <span class='ocrx_word' id='word_1_138' title='bbox 509 2691 544 2758; x_wconf 93' lang='lat' dir='ltr'><strong>in</strong></span> <span class='ocrx_word' id='word_1_139' title='bbox 570 2693 726 2777; x_wconf 86' lang='lat' dir='ltr'><strong>tenebris,</strong></span> <span class='ocrx_word' id='word_1_140' title='bbox 753 2713 825 2758; x_wconf 93' lang='lat' dir='ltr'><strong>cum</strong></span> <span class='ocrx_word' id='word_1_141' title='bbox 852 2692 1000 2757; x_wconf 88' lang='lat' dir='ltr'><strong>reiiciant</strong></span> <span class='ocrx_word' id='word_1_142' title='bbox 1027 2713 1109 2775; x_wconf 92' lang='lat' dir='ltr'><strong>quae</strong></span> <span class='ocrx_word' id='word_1_143' title='bbox 1138 2714 1171 2757; x_wconf 90' lang='lat' dir='ltr'><strong>se</strong></span> <span class='ocrx_word' id='word_1_144' title='bbox 1200 2693 1303 2758; x_wconf 89' lang='lat' dir='ltr'><strong>sciant</strong></span> <span class='ocrx_word' id='word_1_145' title='bbox 1331 2692 1415 2757; x_wconf 89' lang='lat' dir='ltr'><strong>unde</strong></span> <span class='ocrx_word' id='word_1_146' title='bbox 1442 2697 1520 2758; x_wconf 89' lang='lat' dir='ltr'><strong>nata</strong></span> <span class='ocrx_word' id='word_1_147' title='bbox 1543 2692 1608 2758; x_wconf 90' lang='lat' dir='ltr'><strong>sint</strong></span> 
     </span>
     <span class='ocr_line' id='line_1_17' title="bbox 371 2798 1606 2884; baseline -0.001 -19"><span class='ocrx_word' id='word_1_148' title='bbox 371 2800 510 2883; x_wconf 81' lang='lat' dir='ltr'><strong>nescire3</strong></span> <span class='ocrx_word' id='word_1_149' title='bbox 536 2821 603 2864; x_wconf 92' lang='lat' dir='ltr'><strong>non</strong></span> <span class='ocrx_word' id='word_1_150' title='bbox 630 2798 806 2864; x_wconf 90' lang='lat' dir='ltr'><strong>audiendos</strong></span> <span class='ocrx_word' id='word_1_151' title='bbox 834 2821 903 2864; x_wconf 90' lang='lat' dir='ltr'><strong>esse</strong></span> <span class='ocrx_word' id='word_1_152' title='bbox 928 2819 970 2864; x_wconf 90' lang='lat' dir='ltr'><strong>ne</strong></span> <span class='ocrx_word' id='word_1_153' title='bbox 994 2819 1048 2864; x_wconf 87' lang='lat' dir='ltr'><strong>eos</strong></span> <span class='ocrx_word' id='word_1_154' title='bbox 1073 2799 1201 2883; x_wconf 89' lang='lat' dir='ltr'><strong>quidem</strong></span> <span class='ocrx_word' id='word_1_155' title='bbox 1225 2801 1281 2884; x_wconf 92' lang='lat' dir='ltr'><strong>qui</strong></span> <span class='ocrx_word' id='word_1_156' title='bbox 1304 2803 1342 2863; x_wconf 85' lang='lat' dir='ltr'><strong>ut</strong></span> <span class='ocrx_word' id='word_1_157' title='bbox 1365 2799 1606 2883; x_wconf 85' lang='lat' dir='ltr'><strong>interpolatoris</strong></span> 
     </span>
     <span class='ocr_line' id='line_1_18' title="bbox 371 2905 1607 2992; baseline -0.002 -20"><span class='ocrx_word' id='word_1_158' title='bbox 371 2907 424 2972; x_wconf 86' lang='lat' dir='ltr'><strong>eui</strong></span> <span class='ocrx_word' id='word_1_159' title='bbox 447 2907 587 2972; x_wconf 91' lang='lat' dir='ltr'><strong>rationes</strong></span> <span class='ocrx_word' id='word_1_160' title='bbox 606 2907 752 2990; x_wconf 88' lang='lat' dir='ltr'><strong>aperiant</strong></span> <span class='ocrx_word' id='word_1_161' title='bbox 770 2905 972 2972; x_wconf 89' lang='lat' dir='ltr'><strong>incredibilia</strong></span> <span class='ocrx_word' id='word_1_162' title='bbox 990 2906 1115 2991; x_wconf 89' lang='lat' dir='ltr'><strong>fingant</strong></span> <span class='ocrx_word' id='word_1_163' title='bbox 1134 2911 1166 2971; x_wconf 87' lang='lat' dir='ltr'><strong>et</strong></span> <span class='ocrx_word' id='word_1_164' title='bbox 1185 2928 1266 2990; x_wconf 86' lang='lat' dir='ltr'><strong>quae</strong></span> <span class='ocrx_word' id='word_1_165' title='bbox 1284 2928 1443 2990; x_wconf 87' lang='lat' dir='ltr'><strong>nusquam</strong></span> <span class='ocrx_word' id='word_1_166' title='bbox 1462 2907 1607 2992; x_wconf 86' lang='lat' dir='ltr'><strong>gentium</strong></span> 
     </span>
     <span class='ocr_line' id='line_1_19' title="bbox 370 3011 1607 3098; baseline -0.002 -20"><span class='ocrx_word' id='word_1_167' title='bbox 370 3014 443 3078; x_wconf 88' lang='lat' dir='ltr'><strong>iieri</strong></span> <span class='ocrx_word' id='word_1_168' title='bbox 470 3014 678 3078; x_wconf 81' lang='lat' dir='ltr'><strong>manifestum</strong></span> <span class='ocrx_word' id='word_1_169' title='bbox 705 3015 762 3097; x_wconf 87' lang='lat' dir='ltr'><strong>sit,</strong></span> <span class='ocrx_word' id='word_1_170' title='bbox 790 3035 828 3078; x_wconf 88' lang='lat' dir='ltr'><strong>ea</strong></span> <span class='ocrx_word' id='word_1_171' title='bbox 852 3012 946 3078; x_wconf 89' lang='lat' dir='ltr'><strong>nobis</strong></span> <span class='ocrx_word' id='word_1_172' title='bbox 969 3013 1054 3077; x_wconf 84' lang='lat' dir='ltr'><strong>facta</strong></span> <span class='ocrx_word' id='word_1_173' title='bbox 1078 3034 1147 3077; x_wconf 89' lang='lat' dir='ltr'><strong>esse</strong></span> <span class='ocrx_word' id='word_1_174' title='bbox 1170 3012 1360 3098; x_wconf 90' lang='lat' dir='ltr'><strong>persuadere</strong></span> <span class='ocrx_word' id='word_1_175' title='bbox 1383 3013 1491 3078; x_wconf 87' lang='lat' dir='ltr'><strong>velint.</strong></span> <span class='ocrx_word' id='word_1_176' title='bbox 1533 3011 1607 3078; x_wconf 75' lang='lat' dir='ltr'><strong>&#39;l&#39;er-</strong></span> 
     </span>
     <span class='ocr_line' id='line_1_20' title="bbox 371 3119 1608 3204; baseline -0.001 -19"><span class='ocrx_word' id='word_1_177' title='bbox 371 3120 454 3185; x_wconf 90' lang='lat' dir='ltr'><strong>tium</strong></span> <span class='ocrx_word' id='word_1_178' title='bbox 483 3121 581 3185; x_wconf 85' lang='lat' dir='ltr'><strong>etiarn</strong></span> <span class='ocrx_word' id='word_1_179' title='bbox 604 3119 738 3184; x_wconf 92' lang='lat' dir='ltr'><strong>suadere</strong></span> <span class='ocrx_word' id='word_1_180' title='bbox 761 3119 928 3203; x_wconf 85' lang='lat' dir='ltr'><strong>discipulis</strong></span> <span class='ocrx_word' id='word_1_181' title='bbox 951 3120 1072 3185; x_wconf 82' lang='lat' dir='ltr'><strong>nostris</strong></span> <span class='ocrx_word' id='word_1_182' title='bbox 1096 3120 1245 3202; x_wconf 90' lang='lat' dir='ltr'><strong>solemus,</strong></span> <span class='ocrx_word' id='word_1_183' title='bbox 1268 3123 1303 3184; x_wconf 92' lang='lat' dir='ltr'><strong>in</strong></span> <span class='ocrx_word' id='word_1_184' title='bbox 1327 3119 1541 3204; x_wconf 88' lang='lat' dir='ltr'><strong>discrepantia</strong></span> <span class='ocrx_word' id='word_1_185' title='bbox 1563 3125 1608 3185; x_wconf 90' lang='lat' dir='ltr'><strong>te-</strong></span> 
     </span>
     <span class='ocr_line' id='line_1_21' title="bbox 371 3225 1649 3312; baseline 0.002 -20"><span class='ocrx_word' id='word_1_186' title='bbox 371 3225 482 3309; x_wconf 90' lang='lat' dir='ltr'><strong>stium,</strong></span> <span class='ocrx_word' id='word_1_187' title='bbox 505 3249 644 3312; x_wconf 88' lang='lat' dir='ltr'><strong>qnorum</strong></span> <span class='ocrx_word' id='word_1_188' title='bbox 667 3227 797 3310; x_wconf 88' lang='lat' dir='ltr'><strong>quidem</strong></span> <span class='ocrx_word' id='word_1_189' title='bbox 819 3227 899 3290; x_wconf 89' lang='lat' dir='ltr'><strong>fides</strong></span> <span class='ocrx_word' id='word_1_190' title='bbox 923 3231 981 3308; x_wconf 76' lang='lat' dir='ltr'><strong>est,</strong></span> <span class='ocrx_word' id='word_1_191' title='bbox 1000 3248 1072 3291; x_wconf 90' lang='lat' dir='ltr'><strong>cum</strong></span> <span class='ocrx_word' id='word_1_192' title='bbox 1097 3227 1131 3291; x_wconf 93' lang='lat' dir='ltr'><strong>in</strong></span> <span class='ocrx_word' id='word_1_193' title='bbox 1149 3227 1250 3292; x_wconf 90' lang='lat' dir='ltr'><strong>altera</strong></span> <span class='ocrx_word' id='word_1_194' title='bbox 1268 3235 1359 3312; x_wconf 87' lang='lat' dir='ltr'><strong>parte</strong></span> <span class='ocrx_word' id='word_1_195' title='bbox 1377 3230 1507 3291; x_wconf 85' lang='lat' dir='ltr'><strong>exstant</strong></span> <span class='ocrx_word' id='word_1_196' title='bbox 1525 3249 1606 3312; x_wconf 89' lang='lat' dir='ltr'><strong>quae</strong></span> <span class='ocrx_word' id='word_1_197' title='bbox 1622 3257 1649 3296; x_wconf 78' lang='lat' dir='ltr'><strong>so</strong></span> 
     </span>
     <span class='ocr_line' id='line_1_22' title="bbox 371 3331 1608 3420; baseline 0 -21"><span class='ocrx_word' id='word_1_198' title='bbox 371 3333 596 3400; x_wconf 84' lang='lat' dir='ltr'><strong>desiderantur</strong></span> <span class='ocrx_word' id='word_1_199' title='bbox 614 3336 648 3399; x_wconf 95' lang='lat' dir='ltr'><strong>in</strong></span> <span class='ocrx_word' id='word_1_200' title='bbox 666 3333 776 3415; x_wconf 85' lang='lat' dir='ltr'><strong>altera,</strong></span> <span class='ocrx_word' id='word_1_201' title='bbox 796 3357 837 3399; x_wconf 91' lang='lat' dir='ltr'><strong>ne</strong></span> <span class='ocrx_word' id='word_1_202' title='bbox 856 3356 929 3400; x_wconf 88' lang='lat' dir='ltr'><strong>curn</strong></span> <span class='ocrx_word' id='word_1_203' title='bbox 948 3331 1047 3420; x_wconf 77' lang='lat' dir='ltr'><strong>uulgo</strong></span> <span class='ocrx_word' id='word_1_204' title='bbox 1066 3333 1252 3401; x_wconf 89' lang='lat' dir='ltr'><strong>criticorum</strong></span> <span class='ocrx_word' id='word_1_205' title='bbox 1272 3356 1485 3420; x_wconf 88' lang='lat' dir='ltr'><strong>praepropere</strong></span> <span class='ocrx_word' id='word_1_206' title='bbox 1505 3334 1608 3420; x_wconf 89' lang='lat' dir='ltr'><strong>suspi-</strong></span> 
     </span>
     <span class='ocr_line' id='line_1_23' title="bbox 370 3441 1608 3526; baseline -0.002 -19"><span class='ocrx_word' id='word_1_207' title='bbox 370 3442 498 3507; x_wconf 89' lang='lat' dir='ltr'><strong>cionem</strong></span> <span class='ocrx_word' id='word_1_208' title='bbox 530 3442 604 3507; x_wconf 80' lang='lat' dir='ltr'><strong>falsi</strong></span> <span class='ocrx_word' id='word_1_209' title='bbox 636 3442 793 3526; x_wconf 88' lang='lat' dir='ltr'><strong>arripiant</strong></span> <span class='ocrx_word' id='word_1_210' title='bbox 823 3441 880 3505; x_wconf 81' lang='lat' dir='ltr'><strong>sed</strong></span> <span class='ocrx_word' id='word_1_211' title='bbox 912 3445 1037 3506; x_wconf 88' lang='lat' dir='ltr'><strong>attento</strong></span> <span class='ocrx_word' id='word_1_212' title='bbox 1068 3441 1212 3506; x_wconf 90' lang='lat' dir='ltr'><strong>examine</strong></span> <span class='ocrx_word' id='word_1_213' title='bbox 1241 3442 1419 3506; x_wconf 89' lang='lat' dir='ltr'><strong>discernere</strong></span> <span class='ocrx_word' id='word_1_214' title='bbox 1448 3441 1608 3525; x_wconf 87' lang='lat' dir='ltr'><strong>studeant,</strong></span> 
     </span>
     <span class='ocr_line' id='line_1_24' title="bbox 372 3548 1607 3634; baseline 0.002 -22"><span class='ocrx_word' id='word_1_215' title='bbox 372 3551 482 3613; x_wconf 88' lang='lat' dir='ltr'><strong>utrum</strong></span> <span class='ocrx_word' id='word_1_216' title='bbox 505 3548 650 3613; x_wconf 91' lang='lat' dir='ltr'><strong>addendo</strong></span> <span class='ocrx_word' id='word_1_217' title='bbox 673 3552 841 3633; x_wconf 88' lang='lat' dir='ltr'><strong>peccatum</strong></span> <span class='ocrx_word' id='word_1_218' title='bbox 865 3550 971 3613; x_wconf 89' lang='lat' dir='ltr'><strong>sitan</strong></span> <span class='ocrx_word' id='word_1_219' title='bbox 995 3548 1180 3632; x_wconf 85' lang='lat' dir='ltr'><strong>omittend0‚</strong></span> <span class='ocrx_word' id='word_1_220' title='bbox 1204 3549 1464 3634; x_wconf 89' lang='lat' dir='ltr'><strong>quandoquidem</strong></span> <span class='ocrx_word' id='word_1_221' title='bbox 1485 3554 1607 3614; x_wconf 89' lang='lat' dir='ltr'><strong>utrum-</strong></span> 
     </span>
     <span class='ocr_line' id='line_1_25' title="bbox 370 3653 684 3741; baseline 0.006 -23"><span class='ocrx_word' id='word_1_222' title='bbox 370 3653 453 3719; x_wconf 89' lang='lat' dir='ltr'><strong>libet</strong></span> <span class='ocrx_word' id='word_1_223' title='bbox 474 3654 546 3720; x_wconf 87' lang='lat' dir='ltr'><strong>fieri</strong></span> <span class='ocrx_word' id='word_1_224' title='bbox 568 3656 684 3741; x_wconf 90' lang='lat' dir='ltr'><strong>potnit.</strong></span> 
     </span>
    </p>

    <p class='ocr_par' dir='ltr' id='par_1_4' title="bbox 371 3760 1608 4278">
     <span class='ocr_line' id='line_1_26' title="bbox 462 3760 1606 3847; baseline 0 -20"><span class='ocrx_word' id='word_1_225' title='bbox 462 3760 526 3827; x_wconf 87' lang='lat' dir='ltr'><strong>Sed</strong></span> <span class='ocrx_word' id='word_1_226' title='bbox 548 3763 713 3847; x_wconf 78' lang='lat' dir='ltr'><strong>pergimus</strong></span> <span class='ocrx_word' id='word_1_227' title='bbox 736 3762 777 3827; x_wconf 89' lang='lat' dir='ltr'><strong>ad</strong></span> <span class='ocrx_word' id='word_1_228' title='bbox 799 3764 945 3846; x_wconf 87' lang='lat' dir='ltr'><strong>exempla</strong></span> <span class='ocrx_word' id='word_1_229' title='bbox 968 3782 1050 3845; x_wconf 89' lang='lat' dir='ltr'><strong>quae</strong></span> <span class='ocrx_word' id='word_1_230' title='bbox 1074 3784 1159 3825; x_wconf 90' lang='lat' dir='ltr'><strong>nunc</strong></span> <span class='ocrx_word' id='word_1_231' title='bbox 1177 3782 1280 3847; x_wconf 90' lang='lat' dir='ltr'><strong>pauca</strong></span> <span class='ocrx_word' id='word_1_232' title='bbox 1298 3762 1460 3827; x_wconf 84' lang='lat' dir='ltr'><strong>afferimus</strong></span> <span class='ocrx_word' id='word_1_233' title='bbox 1480 3784 1519 3827; x_wconf 86' lang='lat' dir='ltr'><strong>ex</strong></span> <span class='ocrx_word' id='word_1_234' title='bbox 1538 3785 1606 3827; x_wconf 89' lang='lat' dir='ltr'><strong>ora-</strong></span> 
     </span>
     <span class='ocr_line' id='line_1_27' title="bbox 371 3866 1607 3953; baseline 0 -20"><span class='ocrx_word' id='word_1_235' title='bbox 371 3868 517 3933; x_wconf 87' lang='lat' dir='ltr'><strong>tionibus</strong></span> <span class='ocrx_word' id='word_1_236' title='bbox 533 3868 658 3935; x_wconf 88' lang='lat' dir='ltr'><strong>hausta.</strong></span> <span class='ocrx_word' id='word_1_237' title='bbox 682 3868 720 3933; x_wconf 94' lang='lat' dir='ltr'><strong>In</strong></span> <span class='ocrx_word' id='word_1_238' title='bbox 738 3870 883 3935; x_wconf 90' lang='lat' dir='ltr'><strong>oratione</strong></span> <span class='ocrx_word' id='word_1_239' title='bbox 901 3891 962 3953; x_wconf 92' lang='lat' dir='ltr'><strong>pro</strong></span> <span class='ocrx_word' id='word_1_240' title='bbox 975 3868 1108 3934; x_wconf 90' lang='lat' dir='ltr'><strong>Plancio</strong></span> <span class='ocrx_word' id='word_1_241' title='bbox 1124 3866 1234 3933; x_wconf 84' lang='lat' dir='ltr'><strong>Oicero</strong></span> <span class='ocrx_word' id='word_1_242' title='bbox 1250 3868 1285 3932; x_wconf 90' lang='lat' dir='ltr'><strong>L.</strong></span> <span class='ocrx_word' id='word_1_243' title='bbox 1301 3866 1409 3933; x_wconf 80' lang='lat' dir='ltr'><strong>Cassio</strong></span> <span class='ocrx_word' id='word_1_244' title='bbox 1425 3868 1607 3935; x_wconf 87' lang='lat' dir='ltr'><strong>Laterensis</strong></span> 
     </span>
     <span class='ocr_line' id='line_1_28' title="bbox 371 3974 1608 4062; baseline 0.002 -23"><span class='ocrx_word' id='word_1_245' title='bbox 371 3980 522 4062; x_wconf 84' lang='lat' dir='ltr'><strong>patrono,</strong></span> <span class='ocrx_word' id='word_1_246' title='bbox 539 3977 596 4061; x_wconf 92' lang='lat' dir='ltr'><strong>qni</strong></span> <span class='ocrx_word' id='word_1_247' title='bbox 613 3976 678 4043; x_wconf 91' lang='lat' dir='ltr'><strong>hoc</strong></span> <span class='ocrx_word' id='word_1_248' title='bbox 695 3978 765 4062; x_wconf 89' lang='lat' dir='ltr'><strong>agit</strong></span> <span class='ocrx_word' id='word_1_249' title='bbox 784 3977 817 4062; x_wconf 90' lang='lat' dir='ltr'><strong>(a</strong></span> <span class='ocrx_word' id='word_1_250' title='bbox 835 3998 862 4043; x_wconf 91' lang='lat' dir='ltr'><strong>c.</strong></span> <span class='ocrx_word' id='word_1_251' title='bbox 881 3976 934 4058; x_wconf 78' lang='lat'><strong>24,</strong></span> <span class='ocrx_word' id='word_1_252' title='bbox 952 3974 1010 4061; x_wconf 81' lang='lat'><strong>58)</strong></span> <span class='ocrx_word' id='word_1_253' title='bbox 1033 3979 1069 4040; x_wconf 92' lang='lat' dir='ltr'><strong>ut</strong></span> <span class='ocrx_word' id='word_1_254' title='bbox 1087 3974 1292 4040; x_wconf 84' lang='lat' dir='ltr'><strong>Laterensem</strong></span> <span class='ocrx_word' id='word_1_255' title='bbox 1311 3974 1492 4040; x_wconf 89' lang='lat' dir='ltr'><strong>nobilitatis</strong></span> <span class='ocrx_word' id='word_1_256' title='bbox 1512 3998 1608 4041; x_wconf 82' lang='lat' dir='ltr'><strong>cama</strong></span> 
     </span>
     <span class='ocr_line' id='line_1_29' title="bbox 372 4081 1606 4171; baseline 0.001 -24"><span class='ocrx_word' id='word_1_257' title='bbox 372 4081 506 4149; x_wconf 84' lang='lat' dir='ltr'><strong>Plancio</strong></span> <span class='ocrx_word' id='word_1_258' title='bbox 529 4084 707 4171; x_wconf 78' lang='lat' dir='ltr'><strong>digniorem</strong></span> <span class='ocrx_word' id='word_1_259' title='bbox 731 4082 894 4148; x_wconf 89' lang='lat' dir='ltr'><strong>aedilitate</strong></span> <span class='ocrx_word' id='word_1_260' title='bbox 913 4082 1011 4147; x_wconf 84' lang='lat' dir='ltr'><strong>fnisse</strong></span> <span class='ocrx_word' id='word_1_261' title='bbox 1031 4082 1227 4165; x_wconf 84' lang='lat' dir='ltr'><strong>comprobet,</strong></span> <span class='ocrx_word' id='word_1_262' title='bbox 1250 4082 1338 4146; x_wconf 88' lang='lat' dir='ltr'><strong>varia</strong></span> <span class='ocrx_word' id='word_1_263' title='bbox 1356 4082 1390 4146; x_wconf 92' lang='lat' dir='ltr'><strong>in</strong></span> <span class='ocrx_word' id='word_1_264' title='bbox 1408 4081 1495 4149; x_wconf 93' lang='lat' dir='ltr'><strong>hunc</strong></span> <span class='ocrx_word' id='word_1_265' title='bbox 1513 4105 1606 4148; x_wconf 89' lang='lat' dir='ltr'><strong>usum</strong></span> 
     </span>
     <span class='ocr_line' id='line_1_30' title="bbox 371 4188 1538 4278; baseline -0.003 -22"><span class='ocrx_word' id='word_1_266' title='bbox 371 4190 586 4278; x_wconf 88' lang='lat' dir='ltr'><strong>interroganti</strong></span> <span class='ocrx_word' id='word_1_267' title='bbox 610 4190 759 4273; x_wconf 89' lang='lat' dir='ltr'><strong>deinceps</strong></span> <span class='ocrx_word' id='word_1_268' title='bbox 783 4190 956 4275; x_wconf 86' lang='lat' dir='ltr'><strong>respondet</strong></span> <span class='ocrx_word' id='word_1_269' title='bbox 979 4188 1061 4275; x_wconf 81' lang='lat'>(59).</span> <span class='ocrx_word' id='word_1_270' title='bbox 1498 4216 1501 4253; x_wconf 79' lang='lat'>3</span> <span class='ocrx_word' id='word_1_271' title='bbox 1535 4223 1538 4230; x_wconf 91' lang='lat'>·</span> 
     </span>
    </p>

    <p class='ocr_par' dir='ltr' id='par_1_5' title="bbox 505 4294 1657 4703">
     <span class='ocr_line' id='line_1_31' title="bbox 511 4294 1648 4391; baseline 0.003 -28"><span class='ocrx_word' id='word_1_272' title='bbox 511 4298 667 4391; x_wconf 71' lang='lat' dir='ltr'><strong>Quaesisti</strong></span> <span class='ocrx_word' id='word_1_273' title='bbox 683 4303 790 4363; x_wconf 83' lang='lat' dir='ltr'><strong>atrum</strong></span> <span class='ocrx_word' id='word_1_274' title='bbox 809 4297 888 4363; x_wconf 72' lang='lat' dir='ltr'><strong>malai</strong></span> <span class='ocrx_word' id='word_1_275' title='bbox 899 4302 1047 4379; x_wconf 72' lang='lat' dir='ltr'><strong>putarern</strong></span> <span class='ocrx_word' id='word_1_276' title='bbox 1066 4298 1177 4378; x_wconf 60' lang='lat' dir='ltr'><strong>aare</strong></span> <span class='ocrx_word' id='word_1_277' title='bbox 1192 4296 1331 4361; x_wconf 69' lang='lat' dir='ltr'><strong>Romam</strong></span> <span class='ocrx_word' id='word_1_278' title='bbox 1348 4296 1415 4379; x_wconf 82' lang='lat' dir='ltr'><strong>filio</strong></span> <span class='ocrx_word' id='word_1_279' title='bbox 1430 4294 1605 4379; x_wconf 72' lang='lat' dir='ltr'><strong>faciliorem</strong></span> <span class='ocrx_word' id='word_1_280' title='bbox 1621 4326 1648 4366; x_wconf 80' lang='lat' dir='ltr'><strong>so</strong></span> 
     </span>
     <span class='ocr_line' id='line_1_32' title="bbox 505 4402 1607 4487; baseline -0.003 -15"><span class='ocrx_word' id='word_1_281' title='bbox 505 4407 605 4486; x_wconf 59' lang='lat' dir='ltr'><strong>samse</strong></span> <span class='ocrx_word' id='word_1_282' title='bbox 631 4406 677 4471; x_wconf 78' lang='lat' dir='ltr'><strong>ad</strong></span> <span class='ocrx_word' id='word_1_283' title='bbox 702 4405 920 4487; x_wconf 67' lang='lat' dir='ltr'><strong>adipiscendas</strong></span> <span class='ocrx_word' id='word_1_284' title='bbox 944 4404 1074 4469; x_wconf 76' lang='lat' dir='ltr'><strong>haumar</strong></span> <span class='ocrx_word' id='word_1_285' title='bbox 1099 4405 1185 4468; x_wconf 71' lang='lat' dir='ltr'><strong>macc</strong></span> <span class='ocrx_word' id='word_1_286' title='bbox 1213 4424 1257 4469; x_wconf 81' lang='lat' dir='ltr'><strong>aa</strong></span> <span class='ocrx_word' id='word_1_287' title='bbox 1282 4405 1425 4486; x_wconf 69' lang='lat' dir='ltr'><strong>salumin</strong></span> <span class='ocrx_word' id='word_1_288' title='bbox 1453 4423 1516 4470; x_wconf 77' lang='lat' dir='ltr'><strong>asse</strong></span> <span class='ocrx_word' id='word_1_289' title='bbox 1539 4402 1607 4487; x_wconf 77' lang='lat' dir='ltr'><strong>filio</strong></span> 
     </span>
     <span class='ocr_line' id='line_1_33' title="bbox 506 4510 1608 4595; baseline -0.001 -17"><span class='ocrx_word' id='word_1_290' title='bbox 506 4532 572 4578; x_wconf 83' lang='lat' dir='ltr'><strong>meo</strong></span> <span class='ocrx_word' id='word_1_291' title='bbox 599 4514 676 4595; x_wconf 77' lang='lat' dir='ltr'><strong>quia</strong></span> <span class='ocrx_word' id='word_1_292' title='bbox 702 4517 778 4578; x_wconf 80' lang='lat' dir='ltr'><strong>esset</strong></span> <span class='ocrx_word' id='word_1_293' title='bbox 802 4511 932 4593; x_wconf 64' lang='lat' dir='ltr'><strong>samaia</strong></span> <span class='ocrx_word' id='word_1_294' title='bbox 957 4510 1123 4576; x_wconf 68' lang='lat' dir='ltr'><strong>mandari.</strong></span> <span class='ocrx_word' id='word_1_295' title='bbox 1161 4510 1229 4595; x_wconf 69' lang='lat' dir='ltr'><strong>Ego</strong></span> <span class='ocrx_word' id='word_1_296' title='bbox 1251 4532 1321 4577; x_wconf 86' lang='lat' dir='ltr'><strong>vcro</strong></span> <span class='ocrx_word' id='word_1_297' title='bbox 1343 4532 1534 4595; x_wconf 63' lang='lat' dir='ltr'><strong>amnmuam</strong></span> <span class='ocrx_word' id='word_1_298' title='bbox 1558 4511 1608 4577; x_wconf 72' lang='lat' dir='ltr'><strong>ali·</strong></span> 
     </span>
     <span class='ocr_line' id='line_1_34' title="bbox 506 4617 1657 4703; baseline -0.002 -18"><span class='ocrx_word' id='word_1_299' title='bbox 506 4620 616 4685; x_wconf 81' lang='lat' dir='ltr'><strong>amaia</strong></span> <span class='ocrx_word' id='word_1_300' title='bbox 642 4617 726 4684; x_wconf 81' lang='lat' dir='ltr'><strong>malo</strong></span> <span class='ocrx_word' id='word_1_301' title='bbox 752 4638 848 4701; x_wconf 66' lang='lat' dir='ltr'><strong>pam</strong></span> <span class='ocrx_word' id='word_1_302' title='bbox 875 4618 966 4697; x_wconf 64' lang='lat' dir='ltr'><strong>mia,</strong></span> <span class='ocrx_word' id='word_1_303' title='bbox 994 4624 1099 4684; x_wconf 70' lang='lat' dir='ltr'><strong>loom</strong></span> <span class='ocrx_word' id='word_1_304' title='bbox 1125 4618 1277 4684; x_wconf 68' lang='lat' dir='ltr'><strong>lamnam</strong></span> <span class='ocrx_word' id='word_1_305' title='bbox 1304 4618 1411 4684; x_wconf 66' lang='lat' dir='ltr'><strong>adico</strong></span> <span class='ocrx_word' id='word_1_306' title='bbox 1433 4639 1605 4701; x_wconf 66' lang='lat' dir='ltr'><strong>morguam</strong></span> <span class='ocrx_word' id='word_1_307' title='bbox 1655 4700 1657 4703; x_wconf 16' lang='grc' dir='ltr'>Ι</span> 
     </span>
    </p>

    <p class='ocr_par' dir='ltr' id='par_1_6' title="bbox 436 4725 1608 5132">
     <span class='ocr_line' id='line_1_35' title="bbox 436 4725 1608 4807; baseline 0.001 -17"><span class='ocrx_word' id='word_1_308' title='bbox 436 4726 460 4790; x_wconf 81' lang='grc' dir='ltr'><strong>ὀ</strong></span> <span class='ocrx_word' id='word_1_309' title='bbox 504 4726 556 4791; x_wconf 66' lang='lat' dir='ltr'><strong>aui</strong></span> <span class='ocrx_word' id='word_1_310' title='bbox 584 4725 744 4807; x_wconf 78' lang='lat' dir='ltr'><strong>faciliores</strong></span> <span class='ocrx_word' id='word_1_311' title='bbox 774 4726 881 4807; x_wconf 80' lang='lat' dir='ltr'><strong>optavi</strong></span> <span class='ocrx_word' id='word_1_312' title='bbox 906 4746 1002 4807; x_wconf 65' lang='lat' dir='ltr'><strong>mmm</strong></span> <span class='ocrx_word' id='word_1_313' title='bbox 1031 4725 1111 4789; x_wconf 77' lang='lat' dir='ltr'><strong>mili</strong></span> <span class='ocrx_word' id='word_1_314' title='bbox 1135 4727 1271 4807; x_wconf 70' lang='lat' dir='ltr'><strong>fueram.</strong></span> <span class='ocrx_word' id='word_1_315' title='bbox 1317 4726 1401 4807; x_wconf 66' lang='lat' dir='ltr'><strong>Quoia</strong></span> <span class='ocrx_word' id='word_1_316' title='bbox 1428 4726 1536 4805; x_wconf 67' lang='lat' dir='ltr'><strong>dmm,</strong></span> <span class='ocrx_word' id='word_1_317' title='bbox 1560 4746 1608 4791; x_wconf 32' lang='lat' dir='ltr'><strong>*oe</strong></span> 
     </span>
     <span class='ocr_line' id='line_1_36' title="bbox 502 4832 1607 4915; baseline -0.001 -16"><span class='ocrx_word' id='word_1_318' title='bbox 502 4832 741 4915; x_wconf 69' lang='lat' dir='ltr'><strong>soricilleaalri</strong></span> <span class='ocrx_word' id='word_1_319' title='bbox 763 4832 1456 4915; x_wconf 76' lang='lat' dir='ltr'><strong>mepotiaspeperissciamhoaareaquam</strong></span> <span class='ocrx_word' id='word_1_320' title='bbox 1478 4834 1607 4899; x_wconf 80' lang='lat' dir='ltr'><strong>ilerde-</strong></span> 
     </span>
     <span class='ocr_line' id='line_1_37' title="bbox 505 4938 1607 5023; baseline -0.001 -17"><span class='ocrx_word' id='word_1_321' title='bbox 505 4946 693 5006; x_wconf 67' lang='lat' dir='ltr'><strong>mmuasse</strong></span> <span class='ocrx_word' id='word_1_322' title='bbox 719 4938 992 5021; x_wconf 71' lang='lat' dir='ltr'><strong>adspisaaadomm</strong></span> <span class='ocrx_word' id='word_1_323' title='bbox 1015 4944 1115 5022; x_wconf 81' lang='lat' dir='ltr'><strong>patet,</strong></span> <span class='ocrx_word' id='word_1_324' title='bbox 1147 4938 1222 5005; x_wconf 77' lang='lat' dir='ltr'><strong>haec</strong></span> <span class='ocrx_word' id='word_1_325' title='bbox 1248 4940 1299 5005; x_wconf 73' lang='lat' dir='ltr'><strong>alli</strong></span> <span class='ocrx_word' id='word_1_326' title='bbox 1324 4940 1403 5005; x_wconf 84' lang='lat' dir='ltr'><strong>soleo</strong></span> <span class='ocrx_word' id='word_1_327' title='bbox 1425 4941 1607 5023; x_wconf 72' lang='lat' dir='ltr'><strong>praecepere</strong></span> 
     </span>
     <span class='ocr_line' id='line_1_38' title="bbox 506 5046 1606 5132; baseline -0.001 -20"><span class='ocrx_word' id='word_1_328' title='bbox 506 5046 1606 5132; x_wconf 58' lang='lat' dir='ltr'><strong>(mmmoaamadpraeaeptaaetaeaoacatyraviamaaealleo</strong></span> 
     </span>
    </p>

    <p class='ocr_par' dir='ltr' id='par_1_7' title="bbox 371 5153 1527 5345">
     <span class='ocr_line' id='line_1_39' title="bbox 371 5153 1339 5236; baseline -0.006 -15"><span class='ocrx_word' id='word_1_329' title='bbox 371 5161 374 5168; x_wconf 87' lang='lat'>&#39;</span> <span class='ocrx_word' id='word_1_330' title='bbox 505 5154 579 5220; x_wconf 82' lang='lat' dir='ltr'><strong>Ioue</strong></span> <span class='ocrx_word' id='word_1_331' title='bbox 600 5160 687 5220; x_wconf 73' lang='lat' dir='ltr'><strong>ortis</strong></span> <span class='ocrx_word' id='word_1_332' title='bbox 707 5156 776 5221; x_wconf 83' lang='lat' dir='ltr'><strong>auis</strong></span> <span class='ocrx_word' id='word_1_333' title='bbox 791 5155 950 5236; x_wconf 72' lang='lat' dir='ltr'><strong>praecipit</strong></span> <span class='ocrx_word' id='word_1_334' title='bbox 970 5153 1051 5236; x_wconf 75' lang='lat' dir='ltr'><strong>filiis</strong></span> <span class='ocrx_word' id='word_1_335' title='bbox 1337 5160 1339 5165; x_wconf 85' lang='lat'>&#39;</span> 
     </span>
     <span class='ocr_line' id='line_1_40' title="bbox 418 5260 1527 5345; baseline 0 -20"><span class='ocrx_word' id='word_1_336' title='bbox 418 5261 462 5325; x_wconf 87' lang='lat'><strong>10</strong></span> <span class='ocrx_word' id='word_1_337' title='bbox 594 5261 790 5345; x_wconf 67' lang='lat' dir='ltr'><strong>vigilandae</strong></span> <span class='ocrx_word' id='word_1_338' title='bbox 815 5268 859 5327; x_wconf 77' lang='lat' dir='ltr'><strong>ast</strong></span> <span class='ocrx_word' id='word_1_339' title='bbox 880 5281 1016 5343; x_wconf 65' lang='lat' dir='ltr'><strong>scmpm</strong></span> <span class='ocrx_word' id='word_1_340' title='bbox 1040 5261 1155 5327; x_wconf 85' lang='lat' dir='ltr'><strong>multae</strong></span> <span class='ocrx_word' id='word_1_341' title='bbox 1177 5261 1315 5326; x_wconf 74' lang='lat' dir='ltr'><strong>imidiae</strong></span> <span class='ocrx_word' id='word_1_342' title='bbox 1336 5266 1409 5326; x_wconf 73' lang='lat' dir='ltr'><strong>aaut</strong></span> <span class='ocrx_word' id='word_1_343' title='bbox 1431 5260 1527 5327; x_wconf 61' lang='lat' dir='ltr'><strong>boam.</strong></span> 
     </span>
    </p>
   </div>
   <div class='ocr_carea' id='block_1_3' title="bbox 0 0 1968 6675">
    <p class='ocr_par' dir='ltr' id='par_1_8' title="bbox 0 0 1968 6675">
     <span class='ocr_line' id='line_1_41' title="bbox 0 0 1968 6675; baseline 0 0"><span class='ocrx_word' id='word_1_344' title='bbox 0 0 1968 6675; x_wconf 95' lang='lat' dir='ltr'><strong> </strong></span> 
     </span>
    </p>
   </div>
  </div>
 </body>
</html>
