3925 6675
431 1133 481 1182 DE
499 1131 709 1184 PRAEOEH'O
729 1133 885 1195 QUODAM
903 1133 1071 1183 ANONYMI
1090 1132 1177 1182 ΠΕΡΙ
1195 1130 1408 1182 ΚΩΜΩΙΔῙΑΣ.
1470 1130 1536 1193 565

396 1314 441 1357 or.
460 1291 656 1357 nxxvn135

440 1402 523 1465 ὥστε
547 1400 585 1465 έν
607 1393 633 1487 ᾧ
652 1399 729 1485 περί
756 1410 817 1465 τοῦ
847 1403 1010 1483 πρωτείου
1038 1400 1184 1485 μάχεσθε
1212 1400 1320 1482 ὑμεῖς,
1348 1401 1539 1465 κινδυνεύει

439 1509 477 1573 τὸ
500 1518 667 1589 πρωτεῖον
693 1506 770 1591 παρ’
798 1506 937 1584 ἐκείνοις
964 1501 1051 1572 είναι
1078 1519 1148 1584 τοῖς
1170 1505 1454 1592 θεραπευομένοις
1476 1505 1536 1590 ὑφ’

440 1615 547 1697 ὑμῶν·
575 1611 655 1678 οὐδὲ
682 1616 746 1698 γὰρ
774 1611 904 1680 ἔνεστιν
932 1614 994 1679 ούκ
1018 1617 1106 1699 ἔχειν
1128 1625 1228 1680 τοῦτο
1252 1616 1365 1679 δοκεῖν
1388 1638 1497 1694 τινας,
1521 1613 1539 1678 ὃ

439 1720 515 1803 παρ’
544 1722 673 1786 αὐτῶν
697 1719 860 1785 ἐκείνων
883 1721 978 1805 ὑμεῖς
997 1722 1179 1805 λαμβάνειν
1202 1720 1342 1798 ἀξιοῦτε.

397 1850 443 1891 or.
458 1846 530 1891 nvn
547 1829 587 1891 12

440 1930 477 1999 εὑ
500 1937 564 2017 γὰρ
590 1940 660 2000 ῖστε
683 1934 734 1999 ὅτι
757 1945 827 2010 τοῖς
849 1935 910 2016 μὲν
930 1936 1078 2012 ἰδιώταις
1101 1937 1137 2000 οί
1154 1939 1327 2019 λεγόμενοι
1346 1939 1440 2018 λόγοι
1459 1936 1540 2017 πρὸς

440 2041 586 2118 αὐτοὺς
610 2041 792 2117 ἐκείνους
814 2043 972 2124 τείνουσι,
997 2041 1051 2106 καὶ
1076 2042 1211 2124 ὀλίγους
1235 2054 1302 2107 τῶν
1325 2044 1445 2108 ἄλλων.

394 2150 604 2212 or.nxx111l

431 2250 508 2340 Ἅρά
531 2278 568 2338 γε
591 2256 628 2320 τὸ
652 2256 870 2320 πιστεύεσθαι
888 2266 958 2332 τοῖς
976 2256 1226 2339 πιστευομένοις
1245 2256 1377 2339 ἀγαθόν
1396 2255 1465 2321 ἐστι
1484 2255 1538 2320 καὶ
1555 2281 1580 2320 ιο

439 2371 594 2427 τοιοῦτον
622 2352 696 2426 οίον
722 2364 760 2427 τὸ
789 2368 947 2427 πλουτεῖν
975 2361 1030 2427 καὶ
1057 2364 1095 2428 τὸ
1118 2362 1286 2445 ὑγιαίνειν
1308 2362 1362 2428 καὶ
1387 2364 1424 2427 τὸ
1447 2376 1539 2446 τιμᾶ-

441 2476 523 2534 σθαι
546 2482 616 2545 τοῖς
638 2469 836 2552 τιμωμένοις
858 2471 914 2534 καί
933 2470 1127 2553 ὑγιαίνουσι
1151 2471 1204 2535 καὶ
1228 2477 1449 2552 πλουτοῦσιν,
1478 2470 1540 2535 αὐ-

440 2587 523 2653 τοῖς
546 2575 719 2652 ἐκείνοις
742 2578 817 2641 τινὰ
841 2577 947 2660 φέρον
970 2576 1148 2662 eostam
1173 2576 1219 2641 Of.
1239 2578 1315 2642 ibid.
1336 2578 1364 2641 7.

396 2704 441 2747 or.
461 2684 593 2747 nxxvss

440 2791 602 2873 τοσαύτης
630 2791 667 2855 δέ
695 2791 909 2874 δικαιοσύνης
938 2789 994 2855 καὶ
1018 2795 1275 2874 φιλανθρωπίας
1298 2796 1416 2876 μεστός
1440 2791 1541 2874 ἐστιν,

442 2897 526 2962 ὥστε
549 2895 604 2962 καί
627 2907 698 2973 τοῖς
722 2897 882 2981 ἀτυχοῦσι
902 2899 1148 2982 χρησιμώτερος
1162 2898 1344 2982 καθέστηκε
1364 2909 1432 2962 τῶν
1450 2897 1540 2981 γένει

441 3007 679 3088 προσηκόντων
693 3003 832 3080 καὶτοῖς
851 3003 1086 3088 ἀδικουμένοις
1106 3006 1318 3088 ἰσχυρότερος
1337 3015 1394 3089 τῆς
1413 3005 1542 3070 αὐτῶν

442 3109 606 3176 ἐκείνων
630 3112 741 3195 ῥώμης
763 3109 818 3174 καὶ
842 3109 1008 3193 πατράσιν
1030 3110 1132 3175 υίέων
1156 3111 1375 3196 εὐνούστερος
1397 3118 1465 3178 κτλ.

264 3240 286 3293 ο
398 3240 443 3282 or.
463 3220 618 3282 nxxvul

433 3320 510 3410 Ἆρα
542 3327 598 3392 διδι
630 3337 733 3392 ταῦτα
765 3324 820 3390 καὶ
848 3327 887 3391 τὰ
916 3336 1055 3392 τοιαῦτα
1082 3323 1245 3410 ἐνομίσθη
1274 3326 1380 3409 σοφὸς
1408 3324 1445 3390 έν
1471 3338 1542 3403 τοῖς
1556 3350 1582 3389 ao

431 3432 591 3517 Ἕλλησιν
613 3434 768 3511 Ἡσίοδος
790 3434 845 3498 καί
869 3434 1023 3518 οὐδαμῶς
1046 3433 1179 3512 ἀνάξιος
1207 3434 1333 3516 ἐκείνης
1355 3442 1414 3516 τῆς
1436 3432 1534 3518 δόξης

440 3542 484 3617 ὡς
507 3541 569 3605 οὐκ
592 3540 792 3626 ἀνθρωπίνη
815 3540 912 3626 τέχνη
936 3543 976 3606 τὰ
999 3546 1166 3625 ποιήματα
1185 3552 1292 3605 ποιῶν
1310 3564 1344 3605 τε
1363 3539 1418 3605 καὶ
1437 3539 1542 3627 ᾅδων,

441 3647 524 3712 ἀλλά
547 3658 619 3723 ταῖς
642 3649 798 3724 Μούσαις
817 3646 966 3731 ἐντυχὼν
984 3648 1038 3712 καὶ
1057 3649 1209 3732 μαθητὴς
1227 3647 1357 3713 αὐτῶν
1376 3648 1543 3714 ἐκείνων

441 3757 633 3838 γενόμενος;

304 3861 405 3945 Quid,
438 3862 516 3925 haec
544 3883 672 3945 qnoque
702 3860 869 3925 toleranda
901 3860 1062 3941 ducimus,
1095 3883 1132 3924 ac
1164 3884 1228 3926 non
1262 3864 1399 3927 alterum
1432 3867 1540 3926 utrum

304 3990 418 4035 eorum
445 3968 671 4051 pronominum
701 3970 790 4032 ocius
819 3967 1018 4031 auferimus?
1051 3966 1113 4031 Sed
1141 3969 1287 4033 addimus
1315 3991 1355 4032 ex
1382 3968 1542 4034 Pausania

304 4098 417 4157 unum,
441 4093 476 4138 1v
492 4075 544 4158 96,
560 4076 577 4138 7

442 4181 459 4246 ὁ
484 4183 521 4246 δὲ
551 4180 716 4265 Ἐπιτέλης
738 4183 1007 4265 παραγενόμενος
1031 4180 1064 4257 ἐς
1087 4183 1123 4246 τὸ
1148 4181 1324 4265 εἰρημένον
1342 4186 1467 4266 χωρίον
1487 4182 1540 4247 ε’π-

441 4288 557 4373 έτυχεν
584 4288 739 4373 ὀρύσσων
767 4289 867 4373 ὑδρία
895 4294 999 4373 χαλκῇ
1026 4287 1081 4353 καὶ
1110 4289 1226 4353 αὐτίκα
1252 4291 1341 4371 παρὰ
1364 4291 1424 4353 τὸν
1444 4287 1540 4353 Ἐπα-

441 4397 632 4480 μεινώνδαν
658 4401 797 4479 κομίσας
829 4399 866 4460 τό
893 4419 928 4460 τε
961 4394 1122 4460 ἐνύπνιον
1154 4394 1299 4478 ἐξηγεῖτο
1332 4397 1387 4460 καί
1420 4397 1582 4461 αύτὸνιο

442 4502 597 4568 ἐκεῖνον
612 4505 648 4566 τὸ
667 4514 765 4586 πῶμα
784 4502 952 4586 ἀφελόντα
971 4501 1124 4567 ἐκέλευεν
1143 4504 1206 4567 ὅτι
1226 4500 1313 4587 ἐνείη
1333 4510 1540 4568 σκοπεῖσθαι.

395 4608 479 4675 Item
502 4632 601 4674 unum
627 4632 666 4673 ex
690 4609 897 4694 Alciphronis
921 4608 1068 4693 epistolis
1089 4608 1278 4696 129(1v2)

442 4717 577 4782 δέδοικα
601 4718 639 4781 δέ
662 4718 703 4780 οὐ
727 4718 764 4781 σὲ
787 4725 950 4781 τοσοῦτον
973 4716 1055 4782 ὅσον
1078 4717 1198 4781 αὐτὸν
1222 4715 1393 4802 ἐκεῖνον,

306 4826 422 4891 scribit
445 4823 590 4908 Glycera,
613 4823 825 4887 Menandrum
849 4822 958 4887 dicens
982 4846 1079 4907 supra
1102 4830 1321 4888 memoratum.

397 4931 545 5015 Denique
568 4953 606 4995 ex
627 4930 730 5014 Longi
749 4929 970 4995 Pastoralibns
991 4930 1168 5017 (1v17,l),
1192 4932 1278 5015 apud
1297 4955 1391 5015 quem
1413 4932 1539 4998 Gnatho

306 5040 469 5125 parasitus
492 5038 673 5121 Daphnidis
697 5059 805 5101 amore
828 5036 920 5121 pueri
942 5038 1109 5120 pastoricii
1137 5040 1285 5103 incensus
1314 5040 1462 5123 precibus
1486 5041 1540 5103 do·

307 5148 432 5213 minnm
455 5146 531 5226 adit,
555 5146 657 5209 filium
681 5146 801 5227 erilem,
825 5149 862 5207 nt
882 5166 916 5207 se
940 5144 1008 5207 eius
1032 5150 1213 5228 compotem
1234 5146 1358 5230 reddat3
1382 5147 1468 5229 quod
1487 5146 1540 5211 ille

308 5277 341 5319 se
364 5254 527 5319 facturum
550 5254 725 5337 promittit:
750 5275 775 5316 c.
794 5252 832 5315 17

443 5360 505 5425 οὐκ
533 5360 669 5443 ἀντέσχε
697 5359 832 5424 κλύοντι
860 5357 914 5423 καί
944 5352 1046 5435 αὖθις
1068 5362 1147 5435 τοὺς
1174 5362 1278 5436 πόδας
1302 5368 1540 5445 καταφιλοῦντι
