3925 6675
716 1163 767 1214 nr:
785 1165 919 1216 aarum
934 1166 1182 1218 mutuamus.
1505 1167 1569 1233 421

341 1323 432 1391 Libri
455 1325 541 1390 enim
559 1323 703 1390 Plautini
725 1347 798 1390 aum
821 1325 902 1391 haee
922 1326 1053 1391 madent
1076 1325 1167 1393 Oltam
1186 1349 1311 1393 ramera
1329 1329 1383 1394 abi
1400 1330 1573 1411 spatam

341 1431 519 1510 eruamus,
542 1433 747 1516 perspicuum
770 1437 819 1497 est
841 1432 925 1498 hane
947 1433 1140 1518 pendentem
1164 1457 1234 1500 esse
1257 1438 1434 1502 arationem
1460 1441 1574 1522 utpote

342 1560 425 1622 quae
447 1538 531 1602 nihil
552 1537 671 1604 habeat
693 1561 758 1624 quo
781 1540 911 1605 nitatur.
956 1540 1006 1605 Εο
1030 1541 1149 1606 eertius
1178 1547 1227 1606 est
1250 1564 1359 1606 rerum
1385 1565 1453 1608 esee
1478 1547 1510 1608 et
1533 1543 1573 1607 ad

341 1645 429 1710 hune
447 1667 576 1710 versum
594 1646 755 1728 pertinere
774 1647 861 1731 quod
880 1646 1046 1712 Charisius
1064 1648 1157 1713 affert
1175 1667 1187 1712 1
1208 1673 1237 1733 p.
1259 1649 1331 1734 145,
1348 1651 1387 1714 17
1400 1649 1439 1714 K.
1459 1651 1503 1714 ‘te
1520 1651 1573 1714 ab·

341 1751 453 1816 latiae:
476 1751 557 1816 clam
580 1757 609 1818 te
630 1758 690 1818 eei:
713 1755 824 1835 amia
842 1752 979 1820 Plautiae
998 1757 1033 1819 io
1052 1755 1267 1821 Menaechmis
1285 1756 1407 1821 “elam
1426 1779 1574 1822 oaorem

340 1859 439 1936 ret’'‚·
462 1860 527 1924 aiei
542 1860 622 1940 farte
639 1859 721 1924 elam
739 1866 768 1925 et
785 1863 959 1926 aaaeatiae
977 1868 1006 1926 et
1023 1861 1158 1928 ablativo
1169 1865 1271 1944 possit
1289 1864 1417 1945 aptari!
1453 1862 1574 1928 Addita
1601 1929 1606 1938 ,

341 1966 427 2030 enim
446 1965 545 2031 rerba
563 1972 607 2032 est
627 1967 731 2031 oratio
751 1972 784 2032 et
805 1972 894 2032 reeta
911 1969 1039 2034 exstitit
1052 1971 1085 2032 et
1104 1971 1245 2055 elegans:
1269 1976 1313 2035 ast
1330 1970 1384 2034 abi
1401 1970 1574 2052 spaeram

341 2073 518 2138 meamus.
551 2070 605 2137 Sia
623 2071 780 2139 Horatius
799 2074 863 2160 (ep.
877 2092 891 2138 1
906 2075 957 2159 10,
973 2075 1015 2140 15
1024 2075 1108 2162 sqq.)
1127 2078 1161 2141 in
1180 2077 1406 2162 interrogando
1430 2077 1575 2160 loquitur

477 2179 540 2244 ee
558 2179 614 2244 abi
629 2180 707 2263 plus
728 2186 851 2263 tepeant
870 2182 995 2261 hanno,
1015 2182 1070 2248 abi
1090 2185 1212 2265 practer
1234 2205 1317 2248 aare

477 2286 594 2352 Leniat
616 2293 645 2351 et
664 2288 785 2352 rabien
807 2290 898 2353 aunis
918 2295 948 2354 et
968 2295 1123 2354 momenta
1147 2289 1266 2355 leonis?

477 2395 538 2459 Est
558 2394 614 2459 ati
635 2394 765 2459 divellat
785 2415 909 2462 somnos
931 2397 1038 2462 mimis
1059 2398 1171 2462 inuida
1194 2397 1294 2462 euro?

343 2506 375 2566 et
403 2503 471 2566 sine
499 2502 752 2586 interrogatione
774 2499 886 2567 Cicero
909 2501 1004 2568 'l'usa
1027 2503 1108 2592 disp.
1132 2521 1154 2566 v
1174 2503 1204 2587 8,
1218 2504 1261 2568 23
1289 2505 1372 2586 qaod
1393 2525 1430 2570 es
1459 2505 1577 2568 maiore

336 2614 432 2690 parte
448 2629 547 2674 auam
565 2605 719 2691 pamiae
735 2629 800 2673 rem
819 2609 975 2691 appellari
993 2612 1183 2692 spectarique
1201 2611 1316 2690 demat,
1339 2618 1383 2676 aet
1402 2612 1457 2676 abi
1470 2611 1507 2674 id
1520 2611 1577 2675 ieta

344 2717 434 2782 made
455 2715 566 2780 valeat.
599 2715 693 2801 (Hor.
712 2740 760 2802 ep.
779 2735 805 2780 11
827 2718 855 2801 1,
868 2717 937 2804 63.)
982 2716 1076 2794 Quod
1100 2739 1138 2782 ea
1160 2717 1274 2783 vocula
1297 2720 1331 2782 in
1354 2717 1461 2782 Plauti
1484 2717 1577 2781 libris

344 2822 508 2888 intercidit
529 2828 606 2908 post
627 2833 732 2904 arere,
754 2823 836 2888 nihil
858 2824 932 2888 miri
951 2829 1002 2888 est
1024 2829 1081 2889 aut
1099 2825 1270 2910 singulare,
1293 2845 1397 2908 neque
1415 2847 1454 2888 ex
1473 2845 1510 2888 eo
1531 2825 1577 2888 in-

345 2928 429 2994 diaio
452 2929 604 3016 colligere
626 2931 702 2996 lieet
729 2953 875 2997 maneam
903 2951 974 2995 esse
997 2931 1189 3014 orationem,
1216 2931 1306 2994 euius
1335 2931 1380 2995 rei
1404 2931 1577 3017 vestigium

345 3037 378 3102 in
402 3037 562 3102 sententia
578 3039 705 3102 nullum
723 3059 793 3102 esse
815 3037 962 3101 vidimus.
1001 3034 1063 3101 Sed
1082 3037 1169 3121 quod
1188 3035 1414 3101 Menaechmus
1434 3037 1480 3102 ita
1498 3037 1578 3102 dicit

345 3143 438 3210 Clam
459 3166 586 3210 ararem
609 3151 653 3210 eet
673 3143 729 3208 abi
749 3144 924 3226 sepulenan
950 3141 1131 3222 sommo,
1154 3144 1188 3208 in
1212 3165 1250 3209 eo
1273 3163 1332 3208 nae
1356 3143 1432 3206 olim
1457 3141 1578 3227 signifi-

345 3253 486 3318 cavimus
505 3257 673 3337 peceatum
691 3273 760 3316 esse
780 3255 813 3315 et
830 3251 926 3315 seribi
941 3254 1091 3334 oportere
1111 3256 1154 3314 art
1171 3251 1225 3315 abi
1243 3249 1417 3331 septem
1430 3248 1577 3328 habeam

344 3360 377 3426 id
397 3360 457 3425 etsi
476 3360 622 3425 videmus
640 3360 780 3444 superbo
799 3358 930 3424 fastidio
944 3357 1148 3443 repudiatum
1163 3380 1241 3444 esse,
1259 3363 1365 3423 tamen
1381 3358 1477 3421 etiam
1492 3376 1577 3421 nune
1591 3386 1618 3425 so

345 3468 519 3533 retinemus
541 3468 588 3531 ita
606 3466 789 3550 sentientes,
811 3467 838 3529 si
858 3466 931 3550 quis
948 3488 1015 3530 non
1035 3470 1190 3548 oaeupata
1208 3470 1316 3530 mente
1334 3460 1444 3529 verum
1468 3462 1578 3528 sobria

344 3574 465 3641 iudicio
493 3595 560 3638 rem
588 3574 769 3658 perspicere
797 3574 888 3656 velit,
915 3594 988 3637 eum
1017 3593 1081 3636 non
1105 3592 1200 3657 posse
1222 3594 1288 3637 non
1311 3570 1492 3657 intelligere
1514 3568 1578 3635 hoa

345 3704 456 3747 verum
479 3703 548 3747 esse
571 3686 604 3747 et
625 3679 880 3761 Menaechmum,
902 3678 1169 3765 quemadmodum
1192 3684 1305 3764 postea
1328 3676 1423 3764 (669)
1447 3676 1527 3743 dieit

480 3788 572 3854 Male
593 3789 639 3853 mi
661 3808 741 3853 eaeor
762 3808 826 3853 aeae
845 3789 955 3869 feeieee
975 3792 1081 3865 ansa,
1104 3808 1195 3867 qaam
1218 3786 1347 3851 seclusit
1367 3787 1475 3866 feros:

484 3897 583 3978 Quasi
605 3916 669 3960 aaa
690 3894 821 3959 lateam
844 3914 903 3976 qao
925 3895 1119 3958 intromittar
1140 3892 1240 3957 aliam
1265 3892 1419 3957 meliorem
1443 3891 1550 3969 laeam,

347 4005 392 4068 sie
415 4025 502 4069 nune
524 4003 563 4067 de
587 4003 734 4087 sepulcra
757 4001 829 4065 h.e.
849 4001 888 4066 de
915 3999 1012 4065 domo
1036 4000 1216 4063 meretricia
1237 4021 1302 4063 non
1325 4018 1421 4083 posse
1444 3997 1506 4061 nisi
1531 3996 1579 4060 ita

345 4112 437 4195 lequi
458 4116 497 4175 ot
519 4115 621 4175 semet
643 4107 782 4173 idolam
805 4128 938 4171 uxorem
962 4128 1053 4170 auam
1077 4104 1193 4170 habere
1222 4080 1394 4169 affirmet·
1414 4102 1576 4167 Nimirum

347 4218 474 4284 diuersa
496 4222 573 4282 suut
595 4238 676 4299 quae
700 4215 786 4279 idem
809 4214 889 4279 dieit
915 4213 977 4302 173
988 4234 1056 4297 sqq.

481 4325 577 4390 Narra
598 4324 643 4389 ad
663 4324 802 4387 amieam
824 4322 977 4404 defeam
999 4320 1081 4385 tane
1103 4321 1290 4385 medaeam
1312 4318 1468 4383 Erotium.

481 4432 572 4497 Mas
593 4432 651 4496 aar·
672 4436 764 4512 atque
786 4429 836 4493 alli
858 4428 964 4493 iubeto
987 4430 1051 4492 iam
1075 4428 1232 4509 adparari
1249 4426 1434 4508 prandiam.
1593 4450 1622 4491 aa

482 4540 564 4604 Inde
585 4559 680 4621 aeque
701 4538 746 4601 ad
768 4537 919 4601 diarrsam
941 4534 1063 4600 sullam
1086 4535 1258 4599 eraetiaam
1276 4532 1491 4616 potabimus

347 4654 381 4712 et
403 4669 487 4732 qnae
509 4646 629 4710 similia
652 4666 724 4709 eum
748 4643 870 4707 amicae
892 4642 1024 4706 mandat
1047 4642 1217 4726 prandium
1243 4640 1307 4705 184

482 4752 552 4837 Epo
574 4754 645 4817 istie
667 4751 746 4816 miti
767 4750 858 4815 hodie
879 4749 1037 4831 adparari
1059 4750 1171 4813 iussim
1194 4748 1282 4831 apud
1303 4746 1512 4829 teproeliam,

822 4859 858 4921 ia
880 4877 913 4921 ea
935 4861 1061 4937 aterque
1076 4854 1197 4937 proelio
1214 4854 1429 4936 potabimus

348 4972 383 5035 et
405 4968 471 5033 208

484 5074 562 5141 labe
583 5076 681 5157 ipitrar
703 5073 803 5138 tribue
824 5072 914 5137 nabis
935 5070 1024 5153 apud
1045 5076 1073 5134 te
1089 5068 1266 5151 mundium
1290 5069 1476 5132 accurarier

979 5197 1037 5243 aaa
1053 5177 1219 5259 prodimus
1241 5174 1286 5238 ad
1305 5175 1419 5255 seam.

485 5289 559 5355 Iam
581 5289 633 5353 eie
654 5308 711 5353 nae
732 5288 865 5353 aimus:
888 5306 957 5350 aare
979 5288 1121 5367 repraeter
1143 5282 1269 5347 interim
1287 5280 1511 5363 potabimus.

296 5414 334 5471 11
350 5396 616 5465 Communionem
643 5396 728 5459 enim
756 5414 824 5459 esse
852 5394 943 5477 eupit
965 5388 1192 5455 Menaechmus
1215 5390 1248 5453 iu
1272 5386 1428 5472 potando,
1456 5386 1510 5453 sed
1534 5408 1579 5451 se·
