3925 6675
445 1121 451 1126 ’
579 1142 630 1192 ne
647 1141 778 1194 'smnus
796 1141 903 1194 nocis
921 1141 1103 1193 nanooms
1122 1142 1350 1193 noeumane.
1513 1138 1579 1204 265
1702 1131 1704 1136 ’

369 1315 434 1367 ab.
494 1302 629 1368 Mortem
652 1302 777 1384 aliquid
797 1302 882 1368 ultro
904 1303 970 1369 eet?
1016 1319 1093 1367 lae.
1137 1305 1224 1386 Vite,
1246 1305 1276 1368 ei
1298 1303 1408 1384 cupies
1430 1305 1527 1382 mori;

342 1427 542 1498 qumquam
574 1408 660 1474 idem
690 1431 792 1494 paene
818 1409 963 1475 dolemus
992 1410 1080 1494 quod
1108 1411 1230 1495 sprevit
1257 1432 1338 1494 quae
1366 1410 1581 1494 insequuntur

347 1509 492 1585 eudem
513 1515 664 1602 Aegisthi
686 1516 784 1581 verba

508 1622 666 1706 Abripite,
685 1623 817 1704 famuli,
841 1630 1013 1689 mettensem
1036 1629 1064 1688 ct
1086 1631 1223 1689 avectam
1240 1625 1351 1706 prome

515 1729 623 1796 Ultra
646 1730 828 1814 Mycenas
849 1731 981 1796 ultimo
1004 1732 1044 1795 ιἰι
1066 1733 1172 1814 requi
1195 1731 1331 1814 οιιραίο

343 1853 356 1906 l
516 1837 636 1902 tenete
656 1843 797 1919 coeptam
819 1843 904 1902 node
925 1838 1075 1904 tenebrosi
1096 1858 1215 1920 specte,

515 1943 555 2012 Ut
575 1945 749 2025 inquietam
772 1945 925 2028 oiryiecm
948 1965 1053 2009 carcer
1075 1945 1176 2010 domet

376 2066 459 2129 utque
478 2051 516 2115 iis
537 2051 587 2115 uti
609 2050 715 2116 voluit
737 2051 777 2115 ad
800 2051 968 2115 tutandam
989 2050 1161 2137 Sophoclis
1183 2052 1360 2116 orationem
1380 2074 1461 2136 quee
1481 2053 1582 2116 estin

382 2150 466 2219 eadem
485 2155 612 2223 Electra
633 2155 730 2245 (379)

509 2264 668 2346 μέλλουσι
691 2265 754 2348 γάρ
777 2263 822 2347 0³,
846 2267 875 2330 et
898 2267 1004 2331 τῶνδε
1027 2267 1072 2350 μὴ
1095 2266 1202 2350 λήξεις
1226 2269 1331 2350 γόων,
1595 2296 1622 2338 ιο

510 2372 659 2437 ἐνταῦθα
681 2371 825 2454 πέμψειν
846 2368 933 2437 ἔνθα
955 2374 1000 2456 μή
1022 2371 1103 2438 ποθ’
1130 2373 1226 2457 ἡλίου

511 2479 635 2564 φέγγος
656 2482 835 2564 προσόψει,
859 2483 945 2559 ζῶσα
968 2479 999 2545 d’
1026 2479 1063 2545 ἐν
1085 2492 1265 2565 κατηρεφεῖ

510 2587 610 2673 στέγῃ
633 2588 759 2671 χθονὸς
781 2585 881 2670 τῆσδ’
903 2585 996 2664 ἐκτὸς
1017 2587 1176 2672 ὑμνήσεις
1198 2589 1290 2653 κακοί.

393 2679 436 2750 Sel
447 2711 494 2757 uos
511 2695 566 2779 qui
584 2693 649 2758 hoc
666 2695 804 2780 ammos,
821 2697 859 2758 ut
877 2693 1031 2760 studiosis
1051 2694 1307 2760 adolescentibus
1326 2696 1412 2759 viam
1427 2698 1583 2759 monstre-

394 2809 442 2858 nus
461 2820 513 2884 qua
539 2803 593 2866 via
620 2801 655 2865 in
681 2799 733 2864 his
756 2801 999 2884 quaestionibus
1022 2801 1232 2866 incedendum
1257 2802 1313 2885 sit,
1341 2803 1374 2865 in
1397 2806 1582 2866 manscursu

394 2896 491 2971 *lterum
511 2908 697 2974 adiiciemus
720 2908 912 2992 exemplum,
934 2907 1096 2974 levidense
1114 2908 1195 2973 illud
1214 2908 1342 2992 quidem
1362 2908 1417 2972 sed
1437 2908 1524 2992 quod
1542 2908 1583 2971 ed

395 3001 573 3080 eluendum
596 3037 783 3100 remquam
808 3014 956 3079 volumus
978 3037 1044 3081 non
1068 3015 1182 3080 inutile
1207 3016 1256 3080 sit.

452 3117 614 3188 lulledea
635 3122 746 3187 nutrix
769 3122 808 3186 de
832 3144 886 3186 era
908 3144 967 3186 sua
989 3121 1068 3186 haec
1091 3122 1171 3188 dicit
1194 3119 1237 3208 (v.
1257 3121 1314 3208 36)

511 3240 627 3314 στυγεῖ
649 3230 687 3295 δὲ
709 3230 829 3306 παῖδας
852 3226 924 3294 οὐδ’
952 3227 1053 3314 ὁρῶσ’
1081 3230 1304 3314 εὐφραίνεται.

392 3321 492 3418 Deque
511 3360 606 3403 versu
629 3338 676 3403 ita
698 3337 843 3422 disputat
862 3334 1132 3402 Wilamowitzius
1156 3338 1190 3401 in
1214 3336 1322 3402 Herm.
1342 3355 1389 3401 xv
1408 3360 1438 3422 p.
1458 3338 1523 3402 522
1547 3343 1583 3402 ut
1597 3367 1625 3408 το

392 3431 557 3524 Ῑῦεοοεοοτο
579 3444 714 3511 alteram
736 3448 862 3529 partem
886 3444 1035 3527 affirmet,
1057 3444 1122 3508 nisi
1146 3444 1258 3527 ὁρῶσα
1280 3445 1486 3529 participium
1511 3466 1583 3509 cum

392 3540 565 3627 &eodum
597 3551 805 3616 coniunctum
838 3553 935 3616 etiam
968 3551 1008 3615 ad
1040 3562 1155 3633 στυγεῖ
1186 3553 1346 3635 pertinere
1378 3551 1583 3616 intellexeris.

392 3642 471 3735 laqus
484 3656 544 3724 hoc
562 3657 747 3742 exemplum
765 3659 798 3722 in
818 3658 962 3723 ordinem
981 3658 1104 3741 recepit
1121 3659 1156 3722 in
1175 3664 1344 3722 comment.
1364 3657 1492 3725 Hercul.
1510 3658 1584 3743 237,

392 3773 443 3823 ml
458 3763 571 3853 figurae
593 3787 702 3849 usum,
729 3787 826 3849 quam
849 3764 913 3830 ἀπὸ
937 3774 1054 3830 κοινοῦ
1078 3766 1281 3850 grammatici
1305 3770 1436 3849 vocent,
1458 3766 1585 3831 abunde

391 3869 490 3936 seua
509 3872 645 3938 collecta
667 3873 714 3937 ita
735 3871 911 3937 illustravit
933 3876 970 3935 ut
992 3893 1033 3936 ne
1056 3892 1075 3934 a
1092 3872 1225 3958 tragicis
1244 3872 1372 3956 quidem
1392 3874 1496 3956 poetis
1514 3894 1584 3936 eam

392 3966 492 4045 Quam
511 3980 613 4045 fuisse
635 3978 875 4044 demonstraret.
913 3977 1017 4055 Quam
1036 3978 1287 4062 disputationem
1307 4000 1380 4043 cum
1400 3980 1585 4062 ceteroquin

391 4077 456 4146 *tide
472 4086 645 4167 laudemus,
667 4088 702 4151 in
723 4085 788 4153 hoc
809 4107 874 4150 uno
898 4084 1083 4150 dubitamus
1107 4107 1203 4170 quam
1227 4091 1312 4151 reete
1331 4087 1468 4172 figuram
1488 4107 1585 4172 agno-

391 4186 456 4254 verit
485 4192 563 4259 Cum
586 4194 672 4259 enim
695 4192 920 4258 contendimus
943 4214 1025 4275 quae
1049 4190 1159 4257 Cicero
1183 4193 1296 4257 scribit
1318 4193 1352 4258 in
1372 4190 1460 4256 Verr.
1480 4196 1540 4255 aet.
1559 4209 1585 4256 11

391 4284 429 4355 ll·
441 4313 472 4365 111
487 4323 511 4366 c
529 4302 561 4386 9,
579 4301 623 4366 23
646 4306 768 4366 meam
790 4299 880 4366 ecoe
902 4320 1024 4366 mosam
1041 4299 1216 4365 similitudo
1234 4301 1477 4364 contemtionem
1496 4304 1586 4380 acque

391 4409 559 4495 medem,
580 4414 616 4474 ut
632 4409 804 4491 Apronius,
827 4408 882 4489 ραι·
903 4406 980 4471 otiis
1002 4406 1195 4471 inhumanus
1217 4427 1255 4470 oc
1272 4406 1432 4485 tortores,
1457 4408 1511 4471 ise·
1528 4408 1586 4471 oei
1600 4434 1627 4476 ιο

343 4521 344 4532 ’
390 4516 530 4583 Μαίας
556 4536 596 4582 oc
621 4516 755 4581 disertae
780 4515 947 4593 cidector,
974 4519 1010 4577 td
1036 4534 1124 4595 qoem
1151 4534 1256 4578 omncs
1282 4514 1448 4579 odissent
1474 4535 1587 4597 ecque

343 4623 347 4734 ρ
387 4617 481 4688 videre
505 4623 655 4702 vellent,
684 4624 753 4688 sinc
779 4643 812 4687 co
839 4623 898 4686 iste
924 4640 988 4685 cese
1013 4641 1077 4685 ιοοιι
1098 4627 1215 4703 posse,
1247 4625 1303 4684 aut
1331 4641 1413 4704 quae
1440 4620 1524 4684 idem
1553 4621 1588 4686 in

384 4716 465 4794 Piscn
486 4752 511 4797 e
530 4731 589 4815 27,
606 4730 650 4796 64
678 4751 747 4813 αρε,
773 4735 900 4795 secatus
925 4728 1005 4792 odit
1031 4733 1059 4791 te
1082 4776 1088 4790 .
1108 4777 1115 4790 .
1135 4777 1142 4791 .
1165 4728 1291 4792 videre
1312 4729 1425 4809 equites
1448 4728 1588 4793 Romani

380 4852 434 4900 ece
451 4844 622 4921 possunt,
649 4841 778 4903 tantum
803 4835 982 4921 intelligere
1005 4832 1165 4917 uidemur,
1191 4836 1292 4900 odisee
1314 4834 1454 4919 aliquem
1478 4839 1510 4899 et
1533 4836 1588 4899 ali-

377 4960 455 5026 quem
475 4947 579 5011 cidere
598 4944 688 5024 nolle,
710 4944 815 5009 cidere
837 4962 900 5007 ιιοιι
917 4960 1010 5024 posse
1032 4942 1103 5024 peri
1127 4941 1158 5003 vi
1183 4942 1332 5025 componi
1356 4941 1472 5025 solere;
1500 4942 1587 5025 quod

371 5050 460 5118 siita
485 5058 548 5137 est,
573 5052 659 5118 idem
686 5051 721 5116 in
744 5048 866 5115 Graeco
890 5070 983 5112 versu
1007 5052 1198 5131 statuentes,
1226 5049 1273 5112 sie
1294 5048 1373 5113 heec
1395 5050 1588 5128 evolvemus,

367 5171 472 5245 στυγεῖ
493 5165 614 5237 παῖδας
630 5159 758 5245 plenam
776 5178 845 5222 esse
864 5154 1052 5238 orationem,
1075 5156 1128 5220 cui
1146 5154 1229 5219 nihil
1247 5159 1396 5239 oporteat
1414 5154 1588 5219 asciscatur

363 5290 399 5334 ex
418 5267 521 5334 altera
542 5270 645 5352 parte,
667 5263 803 5331 alterum
827 5260 899 5328 οὐδ’
927 5258 1026 5346 deod
1054 5261 1267 5345 εὐφραίνεται
1290 5262 1367 5326 item
1386 5283 1444 5344 per
1461 5283 1496 5324 se
1515 5282 1588 5324 con·

357 5382 440 5444 stete
457 5395 520 5440 nec
536 5372 725 5460 languidum
745 5392 823 5456 esse,
844 5369 900 5435 sed
917 5368 999 5433 haee
1017 5368 1081 5432 duo
1099 5378 1214 5451 στυγεῖ
1232 5367 1302 5434 οὐδ’
1327 5366 1432 5451 ὁρῶσ’
1450 5366 1588 5452 εὐφραί
1648 5422 1651 5427 ,
