3925 6675
145 2094 149 2179 ,
429 2055 504 2128 LV.
530 2055 684 2129 INDEX
711 2055 992 2129 LEOTIONUM
1020 2055 1335 2129 AESTIVARUM
1365 2059 1461 2129 1902.

296 2234 315 2290 8
423 2229 462 2294 ln
479 2229 543 2295 hoc
559 2231 725 2314 praefandi
744 2230 852 2295 officio
871 2230 1140 2314 quemadmodum
1160 2231 1266 2316 quoad
1285 2231 1352 2296 eius
1368 2231 1439 2296 fieri
1458 2235 1566 2316 potest

334 2338 470 2425 seligere
492 2337 632 2403 solemus
657 2337 744 2421 quod
768 2338 940 2402 immensae
962 2337 1110 2402 varietati
1133 2336 1307 2404 lectionum
1333 2360 1414 2423 quae
1437 2360 1565 2402 enume-

332 2449 445 2510 rantur
466 2444 554 2510 haud
576 2445 777 2510 incommode
800 2445 965 2529 praemitti
988 2467 1083 2528 posse
1107 2445 1261 2530 videatur,
1284 2445 1330 2511 ita
1353 2445 1428 2510 dum
1448 2445 1565 2510 doctri-

331 2575 443 2618 narum
467 2573 585 2637 genera
607 2551 792 2616 ordinamus
816 2556 849 2616 et
871 2552 964 2635 quasi
984 2551 1081 2636 dapes
1104 2553 1252 2636 opiparas
1272 2553 1476 2636 exstruimus,
1498 2537 1585 2617 non

330 2681 502 2744 possumus
524 2680 592 2724 non
615 2659 782 2724 doctorum
807 2681 889 2743 quae
911 2659 977 2724 sint
999 2658 1183 2724 labentibus
1211 2661 1303 2724 annis
1327 2658 1564 2724 vicissitudines

331 2766 510 2850 attendere,
538 2786 677 2850 quorum
700 2765 796 2830 multi
820 2787 901 2850 quos
924 2765 980 2830 diu
1003 2767 1146 2830 venerati
1170 2789 1279 2830 sumus
1303 2789 1340 2832 ao
1363 2766 1564 2850 suspeximus

331 2872 469 2958 denique
487 2873 642 2938 abeuntes
661 2873 711 2936 sui
729 2872 825 2936 nobis
844 2872 1036 2937 desiderium
1056 2874 1250 2957 relinquunt,
1269 2872 1350 2938 alios
1369 2874 1424 2956 qui
1439 2893 1565 2956 semper

329 2981 405 3046 novi
432 2980 638 3045 advenientes
661 3001 778 3045 vacuas
804 2978 934 3045 illorum
963 2979 1054 3044 sedes
1082 2983 1241 3064 occupant
1267 2983 1378 3044 nostra
1402 2980 1504 3044 salute
1527 3000 1564 3042 ac

330 3087 427 3152 bonis
444 3087 530 3152 votis
548 3088 723 3172 recipimus
741 3091 774 3150 et
791 3086 946 3152 fovemus.
985 3083 1035 3151 Ita
1053 3087 1297 3172 persentiscitur
1310 3083 1561 3151 Universitatem
1577 3115 1605 3155 ro

330 3195 557 3280 sempiternam
581 3185 829 3279 esse,'homines
851 3194 1013 3280 mortales,
1038 3195 1095 3277 qui
1118 3193 1174 3258 ubi
1199 3193 1265 3258 suis
1287 3191 1489 3277 temporibus
1511 3192 1562 3256 de

329 3301 431 3367 mneti
454 3305 539 3386 sunt,
561 3322 691 3367 necesse
714 3305 764 3365 est
790 3301 897 3367 locum
922 3300 1037 3366 cedant
1060 3300 1140 3366 aliis.
1186 3299 1224 3365 ln
1252 3300 1336 3366 hano
1359 3321 1418 3365 nos
1442 3300 1562 3385 cogita-

328 3410 450 3475 tionem
478 3408 621 3493 abripuit
649 3408 742 3473 dolor
767 3430 877 3474 recens
905 3430 970 3492 quo
997 3408 1106 3473 dolore
1134 3430 1238 3493 nuper
1260 3410 1378 3494 exiguo
1406 3408 1562 3490 temporis

327 3514 497 3581 intervallo
529 3516 628 3580 trium
661 3517 863 3603 egregiorum
895 3514 1092 3603 collegarum
1128 3516 1281 3581 iacturam
1316 3517 1562 3601 deploravimus,

328 3644 466 3706 quorum
493 3622 625 3687 nomina
652 3622 799 3706 inprimis
829 3622 925 3687 nobis
949 3644 1022 3687 cara
1045 3644 1131 3687 nuno
1153 3623 1292 3707 primum
1316 3624 1350 3687 in
1373 3623 1435 3689 hoc
1457 3623 1561 3689 indice

326 3728 502 3795 lectionum
517 3728 791 3812 desiderabantur,
804 3728 975 3793 Ionsnrus
987 3728 1561 3814 Sonumuu,Csaou1Wnruuonn1,

327 3832 490 3899 Aureum
502 3835 670 3919 Punmcn,
689 3836 745 3921 qui
759 3837 794 3900 in
808 3856 867 3900 suo
882 3836 1019 3921 quisque
1032 3835 1211 3901 litterarum
1226 3858 1342 3922 genere
1358 3838 1560 3923 antesignani

326 3962 364 4008 ac
386 3942 549 4027 principes
567 3944 667 4007 animi
686 3944 823 4009 candore
842 3964 880 4007 ac
899 3942 1055 4029 singulari
1073 3943 1273 4008 humanitate
1292 3943 1475 4008 duraturam
1496 3944 1560 4008 sibi

326 4049 522 4136 collegarum
547 4072 584 4115 ac
607 4050 838 4135 discipulorum
860 4050 1026 4115 caritatem
1049 4054 1250 4135 pepererunt.

415 4154 555 4221 Tantum
578 4178 688 4222 eorum
712 4157 886 4221 memoriae
909 4156 1049 4221 dandum
1073 4155 1279 4241 putabamus,
1302 4158 1489 4240 priusquam
1512 4179 1556 4221 re·
1573 4183 1600 4221 ro

325 4268 507 4348 peteremus
539 4268 726 4329 consuetum
760 4264 850 4328 filum
883 4263 1113 4348 disputationis
1142 4284 1159 4327 e
1186 4263 1409 4328 communibus
1440 4262 1557 4329 litteris

324 4370 453 4455 petitae.
486 4368 646 4435 Volumus
669 4374 776 4435 autem
795 4370 834 4434 de
852 4370 1005 4435 familiari
1024 4369 1162 4455 quodam
1182 4392 1296 4457 genere
1315 4370 1442 4435 dicendi
1462 4368 1556 4435 Grae-

325 4478 370 4541 cis
384 4476 573 4562 Latinisque
592 4479 755 4543 communi
774 4477 937 4561 disserere,
954 4499 1022 4542 non
1041 4478 1132 4561 quasi
1150 4478 1246 4563 plane
1265 4499 1384 4542 novum
1403 4497 1440 4542 ac
1454 4476 1557 4542 doctis

324 4584 527 4671 incognitum
541 4585 585 4648 sit
598 4584 654 4649 sed
669 4585 746 4669 quia
762 4583 907 4649 videmus
924 4606 1165 4669 nonnumquam
1182 4584 1233 4649 vel
1247 4606 1266 4649 a
1280 4584 1472 4649 doctissimis
1491 4606 1557 4649 non

324 4695 410 4756 recte
424 4692 593 4757 aestimari.
624 4690 674 4756 Ac
686 4713 745 4756 nos
765 4691 840 4756 dum
859 4691 946 4756 hunc
963 4713 1085 4757 morem
1099 4691 1252 4776 loquendi
1267 4714 1325 4776 per
1339 4714 1396 4756 sua
1410 4693 1556 4777 exempla

323 4796 439 4863 Latina
462 4796 582 4864 Graeca
609 4800 843 4883 persequimur,
872 4820 939 4864 non
965 4798 1167 4885 negligemus
1195 4798 1221 4863 si
1251 4820 1332 4882 quae
1359 4798 1443 4863 forte
1467 4800 1557 4863 iuxta

323 4904 408 4970 viam
430 4906 522 4971 laeva
540 4907 608 4971 sive
626 4904 758 4970 dextera
779 4909 947 4971 occurrent
964 4906 1149 4989 interpretis
1170 4927 1261 4989 opem
1282 4906 1472 4990 expetentia.
1510 4902 1556 4969 Ut

323 5032 453 5097 sperare
464 5012 561 5079 liceat
575 5034 649 5080 cum
662 5012 804 5077 utilitate
818 5011 967 5077 nonnihil
980 5034 1040 5077 nos
1055 5011 1211 5077 iucundae
1222 5012 1387 5076 varietatis
1401 5012 1555 5076 allaturos

322 5140 393 5184 esse
419 5118 459 5183 iis
487 5121 543 5204 qui
571 5142 636 5184 non
660 5123 872 5204 aspernantur
894 5140 928 5183 se
951 5119 984 5182 in
1009 5118 1239 5203 proprietatem
1268 5118 1423 5183 sermonis
1447 5116 1554 5181 Latini

323 5224 475 5292 Graecive
497 5226 669 5293 insinuare.
1568 5248 1595 5291 to

284 5345 304 5402 4
412 5330 544 5399 Initium
568 5338 675 5398 autem
699 5332 859 5399 scribendi
883 5332 978 5397 nobis
1004 5332 1128 5399 faeiunt
1152 5330 1314 5397 Ciceronis
1337 5330 1435 5395 verba
1458 5329 1496 5393 de
1519 5352 1553 5395 re
