3925 6675
753 1122 804 1172 DE
823 1123 939 1177 OVIDII
957 1123 1088 1174 FASTIS.
1483 1122 1527 1186 85

287 1281 470 1366 particulae
503 1283 569 1347 vim
597 1304 694 1368 saepe
720 1283 832 1349 eodem
860 1282 996 1348 consilio
1024 1284 1110 1367 apud
1137 1284 1218 1348 alios
1247 1306 1375 1369 quoque
1402 1286 1528 1370 positae

287 1387 381 1454 Petri
404 1389 572 1455 adnotatio
596 1390 637 1454 ad
660 1414 689 1455 ι.
708 1391 774 1454 289
797 1391 861 1455 nisi
883 1390 1026 1455 fallimur
1048 1411 1115 1455 non
1137 1395 1223 1455 recte
1247 1391 1450 1477 significavit.

381 1494 446 1560 Sed
469 1497 683 1562 adscribimus
706 1497 770 1562 alia
792 1499 947 1582 exempla.

295 1622 319 1664 ι’
334 1603 404 1667 375
451 1603 491 1668 de
509 1602 606 1669 Flora
628 1608 801 1689 postquam
825 1604 998 1669 adomnia
1021 1627 1102 1688 quae
1125 1605 1229 1669 voluit
1247 1609 1343 1688 poeta
1361 1605 1529 1690 respoudit

458 1710 576 1775 Ornnie
597 1712 743 1793 finiam:
766 1716 869 1776 tenues
891 1713 1012 1776 seomsit
1033 1713 1070 1776 in
1093 1733 1198 1777 oneras.

499 1819 628 1884 Mansit
649 1820 741 1884 odor:
758 1839 866 1900 posses
887 1821 967 1884 seire
987 1821 1086 1899 samse
1108 1820 1208 1883 deam.

455 1923 583 1990 Floreat
606 1931 644 1989 ut
666 1930 737 1990 toto
762 1947 890 1990 carmen
912 1925 1053 1991 Nasonis
1077 1925 1109 1989 in
1134 1947 1226 2005 aevo,

501 2031 637 2118 Sparge,
659 2053 788 2116 precor,
810 2031 904 2097 donis
927 2037 1060 2117 pectora
1083 2037 1195 2097 nostra
1217 2034 1291 2097 tuis.

295 2157 319 2200 v
335 2139 404 2203 595
452 2139 526 2203 Rite
548 2140 603 2203 deo
625 2139 830 2221 ternplunrqae
852 2141 962 2205 datram
985 2160 1155 2221 nomenque
1176 2139 1224 2204 bis
1245 2139 1309 2204 otto

499 2247 545 2310 Et
566 2248 694 2310 mer-itus
715 2248 778 2311 voti
800 2246 903 2311 debita
924 2247 1017 2312 solvit
1037 2247 1142 2312 boram.

455 2351 634 2418 Sollemnes
657 2352 751 2417 ludos
775 2353 861 2418 circo
885 2352 1057 2437 celebrate,
1081 2352 1230 2430 Quirites,

498 2457 574 2524 Non
598 2461 667 2523 visa
689 2463 739 2523 est
760 2459 878 2524 fortem
901 2481 1015 2524 scaena
1039 2460 1150 2525 decere
1173 2459 1276 2525 deum.

292 2585 326 2628 rs
343 2566 408 2630 857
452 2565 554 2631 Remo
577 2567 704 2650 sepulto

459 2673 539 2740 Urbs
559 2675 672 2751 oritur,
695 2675 766 2755 quis
788 2679 861 2737 tuse
882 2674 938 2738 boc
959 2673 1019 2737 ulli
1042 2676 1163 2739 eredm
1182 2681 1296 2756 posset,

504 2780 654 2844 Victorem
678 2782 770 2845 terris
791 2781 979 2861 impositura
995 2781 1117 2862 pedem.

455 2884 579 2950 Cuncta
600 2907 693 2972 regas
717 2890 750 2950 et
773 2887 817 2950 sis
841 2908 959 2972 magno
983 2886 1043 2951 sub
1068 2885 1202 2953 Caesare
1226 2911 1367 2973 semper,

499 2991 601 3078 Saepe
624 2993 722 3058 etiam
745 2993 853 3076 plures
876 2993 1019 3057 nominis
1042 2994 1139 3059 huius
1162 2993 1261 3079 habe;

455 3099 498 3163 Et
521 3102 671 3183 quotiens
695 3101 821 3164 steteris
846 3100 969 3164 domito
993 3070 1140 3165 subliniis
1164 3103 1199 3166 in
1222 3104 1314 3186 orbe,

499 3204 617 3271 Omnia
640 3208 706 3271 sint
728 3207 871 3271 humeris
894 3207 1047 3271 inferiora
1070 3208 1144 3273 tuis.

289 3313 415 3377 rivaus
458 3315 560 3396 Auser
584 3314 675 3380 Vesta
698 3315 788 3379 diem
812 3316 935 3397 coenati
959 3314 1051 3380 Vesta
1071 3322 1192 3398 recepto
1215 3323 1258 3382 est

498 3422 635 3487 Limine.
666 3424 713 3486 sic
734 3423 810 3486 iusti
833 3423 1014 3486 wastitm
1030 3428 1147 3503 potres.
1281 3458 1283 3462 ·

456 3529 597 3594 Phoebas
618 3528 709 3593 babet
724 3534 859 3609 portem,
888 3528 996 3593 Vestae
1013 3550 1095 3609 pars
1117 3530 1217 3595 altera
1240 3534 1335 3608 cessit

502 3636 592 3717 Quod
612 3642 750 3717 superest
771 3634 845 3713 eltis,
869 3637 978 3700 tertiata
1000 3638 1067 3717 ipse
1089 3642 1174 3700 tenet

423 3766 425 3769 ·
456 3741 546 3807 State
569 3742 735 3807 Palatinae
757 3742 866 3806 laurus
889 3747 1120 3827 praetextaque
1144 3765 1263 3827 quercu

499 3848 572 3913 Stet
595 3850 722 3913 domus:
746 3847 897 3913 aeternos
918 3854 982 3913 tres
1007 3848 1104 3913 habet
1127 3872 1192 3913 una
1215 3850 1300 3914 deos.

327 3944 391 4019 Httc
410 3955 562 4041 exempla,
585 3978 624 4019 ex
647 3956 766 4039 quibus
789 3960 915 4020 tantum
939 3956 1085 4020 dedimus
1110 3960 1266 4039 quantum
1294 3957 1372 4020 satis
1397 3962 1465 4020 erat
1490 3956 1529 4019 ad

327 4054 541 4139 sinifiondum
565 4062 652 4146 quod
670 4063 819 4127 volumus
838 4063 893 4126 sed
917 4084 999 4145 quae
1023 4064 1079 4146 qui
1102 4064 1231 4146 penitus
1256 4063 1431 4127 diiudicare
1450 4061 1531 4127 velit

327 4179 367 4227 ⁸¹10
390 4172 494 4235 tenore
524 4170 677 4255 inspiciat
706 4190 834 4233 necesse
864 4174 923 4251 est,
952 4168 1037 4234 haec
1062 4170 1164 4255 igitur
1194 4169 1340 4253 exempla
1372 4171 1428 4254 qui
1457 4190 1529 4234 oum

327 4284 380 4337 tura
401 4277 610 4361 perspexerIt,
638 4276 798 4362 intelliget
822 4273 972 4340 Ovidium
997 4276 1201 4360 inpartibus
1226 4278 1332 4360 operis
1357 4276 1407 4340 sui
1431 4275 1531 4339 artifi-

326 4372 415 4447 desum
437 4383 598 4468 quandam
622 4382 833 4447 concludendi
856 4382 1014 4447 rationem
1039 4384 1154 4447 sectari
1178 4383 1233 4447 sed
1256 4383 1302 4447 ita
1320 4388 1357 4447 ut
1375 4384 1571 4449 extremisco

325 4491 481 4561 imment
511 4512 593 4575 quae
622 4490 688 4555 illis
718 4512 777 4574 pro
807 4489 1017 4554 fundamento
1031 4476 1032 4479 ¹
1048 4512 1116 4554 esse
1146 4490 1282 4574 possint.
1329 4489 1436 4574 Atque
1466 4490 1530 4556 hoc

325 4594 357 4653 tt
379 4595 452 4662 illud
483 4596 696 4681 componendi
727 4618 828 4682 genus
861 4619 925 4680 quo
959 4596 1120 4661 declarato
1153 4598 1346 4681 putabamus
1374 4597 1530 4661 vindicari

324 4713 392 4775 ΡΜ
416 4705 524 4771 locum
547 4726 571 4767 a
598 4726 663 4788 quo
692 4703 899 4787 disceptando
927 4703 1105 4787 disputatio
1138 4708 1249 4767 nostra
1281 4703 1410 4768 initium
1443 4704 1528 4768 fecit.

323 4798 384 4877 Quid
404 4812 503 4893 enim,
530 4816 569 4877 ut
595 4810 658 4875 hoc
685 4815 827 4895 utamur,
854 4809 904 4874 illi
932 4810 1069 4874 similius
1097 4832 1165 4874 esse
1194 4814 1302 4894 potest
1330 4833 1425 4894 quam
1449 4810 1531 4876 haec

322 4908 513 5003 utriusquae
537 4916 713 4995 attulimus,
737 4916 854 4999 quibus
878 4921 1013 5001 apparet
1036 4920 1101 4980 tres
1124 4922 1232 5000 partes
1256 4918 1370 4980 domus
1390 4916 1530 4981 describi

320 5035 339 5078 ¹·
354 5020 417 5089 951.
441 5026 516 5108 952,
545 5031 584 5088 ut
612 5022 730 5088 habeat
759 5027 856 5107 poeta
886 5022 973 5107 quod
1003 5023 1100 5087 addat
1129 5024 1279 5108 precibus
1307 5023 1372 5088 stes
1402 5024 1530 5088 domus:

320 5132 434 5198 Menoe
459 5138 521 5198 tres
546 5132 638 5196 habet
662 5151 729 5195 meo
756 5131 835 5196 deos.
881 5129 943 5195 Vel
971 5133 1119 5214 exemplo
1144 5131 1343 5215 paenultimo
1368 5130 1440 5213 quis
1463 5151 1529 5193 uon

318 5233 387 5301 Videt
405 5242 534 5323 poetam
558 5238 651 5302 finita
677 5259 784 5302 rerum
812 5237 967 5301 memoria
995 5259 1152 5301 summam
1177 5236 1347 5320 complecti
1371 5237 1532 5299 sententia

322 5334 385 5409 Urba
404 5348 503 5411 oritur
522 5346 735 5411 ...viderem
763 5347 856 5409 tamo
877 5346 1065 5424 impositura
1082 5344 1208 5425 pedere,
1238 5363 1301 5426 quo
1330 5340 1531 5407 commodius
