3925 6675
564 1151 746 1205 ssnuoms
763 1152 960 1204 enasomcr
978 1151 1284 1204 osssnvauuouss.
1474 1149 1540 1214 365

308 1317 543 1400 argumentum,
566 1318 599 1379 et
622 1315 741 1379 omisso
764 1335 803 1379 eo
826 1314 911 1379 idem
931 1315 1040 1379 valent
1058 1313 1157 1378 verba
1175 1315 1219 1389 ὡς
1236 1333 1269 1377 π.
1288 1311 1451 1398 ἐσόμενος.
1481 1312 1542 1377 Est

309 1441 384 1485 vero
402 1441 672 1505 supervacaneum
690 1443 751 1486 nec
768 1420 1009 1487 desiderabatur
1025 1421 1065 1485 ad
1079 1419 1322 1486 sustentandum
1338 1419 1539 1485 enuntiatum

309 1527 521 1613 participiale.
557 1525 621 1592 Sed
644 1527 813 1593 Platonem
835 1527 980 1592 videmus
1004 1549 1071 1592 non
1093 1529 1139 1592 ita
1161 1527 1338 1611 astringere
1362 1527 1541 1591 orationem

309 1634 427 1718 solere,
454 1638 492 1699 ut
517 1657 583 1699 non
610 1635 665 1700 hic
692 1634 760 1699 illic
785 1655 850 1718 quo
872 1634 1044 1700 rotundior
1067 1656 1104 1700 ac
1127 1633 1256 1699 mollior
1279 1632 1393 1698 evadat
1417 1633 1544 1698 confor-⁴

310 1743 410 1808 matio
433 1741 642 1827 participium
665 1742 845 1808 immisceat
865 1743 953 1826 quod
971 1740 1131 1806 sententia
1149 1739 1279 1825 quidem
1297 1761 1364 1804 non
1381 1739 1541 1824 poscebat.

310 1847 399 1914 Haec
426 1853 523 1914 sunto
551 1848 709 1934 exempla,
736 1871 839 1933 pauca
866 1849 905 1913 de
932 1848 1090 1933 pluribus.
1126 1846 1163 1912 In
1192 1846 1338 1912 Phaedro
1366 1845 1410 1934 (p.
1433 1847 1487 1928 11,
1506 1846 1542 1933 8)

309 1954 365 2021 καί
392 1953 547 2040 ἐφαίνετο
576 1957 618 2040 δή
645 1981 702 2040 μοι
730 1958 964 2022 νεανιεύεσθαι
992 1953 1321 2040 ἐπιδεικνύμενος
1349 1956 1393 2031 ὡς
1416 1946 1485 2030 οἷός
1507 1977 1542 2018 τε

309 2065 360 2128 διν
386 2063 491 2128 ταύτὰ
517 2061 635 2148 ἑτέρως
662 2086 698 2128 τε
720 2061 776 2128 καὶ
799 2061 917 2148 ἑτέρως
939 2062 1047 2146 λέγων
1070 2061 1265 2148 ἀμφοτέρως
1287 2063 1393 2128 εἰπεῖν
1417 2063 1542 2142 ἄριστα.

309 2169 391 2246 Quis
414 2168 468 2235 hic
491 2171 663 2257 geminatis
686 2170 875 2255 praesertim
897 2169 1080 2254 participiis
1100 2168 1370 2250 ἐπιδεικνύμενος
1387 2166 1543 2232 desidera-

310 2276 380 2359 bat,
409 2299 481 2342 cum
510 2277 579 2342 siue
602 2299 640 2342 eo
664 2280 740 2364 apte
762 2277 918 2363 coniungi
940 2277 1174 2342 νεανιεύεσθαι
1198 2276 1242 2352 ὡς
1264 2267 1335 2352 οἷός
1357 2298 1392 2340 τε
1416 2275 1465 2340 ὤν
1487 2295 1584 2359 ap-1o

310 2389 432 2470 pareat,
449 2388 487 2448 ut
504 2384 541 2449 in
555 2383 676 2470 Gorgia
694 2382 739 2470 (p.
757 2384 830 2468 114,
844 2382 901 2470 22)
921 2385 1061 2469 αἰσχρὸν
1079 2383 1313 2448 νεανιεύεσθαι
1332 2383 1376 2459 ὡς
1390 2379 1421 2446 τὶ
1436 2383 1543 2464 ὄντας,

310 2495 369 2554 aut
396 2491 430 2556 in
451 2490 599 2556 Phaedro
622 2489 667 2578 (p.
687 2491 746 2574 22,
766 2489 822 2578 14)
850 2491 888 2556 τὸ
916 2491 1023 2575 μηδὲν
1044 2486 1137 2574 ὑγιὲς
1160 2487 1293 2573 λέγοντε
1317 2489 1544 2574 σεμνύνεσθαι

311 2599 358 2675 ὡς
383 2596 416 2662 τὶ
443 2601 527 2664 ὄντε.
564 2596 604 2662 In
630 2597 792 2684 principio
817 2597 957 2662 Critonis
985 2597 1070 2662 ἀλλὰ
1097 2595 1150 2662 καὶ
1174 2606 1237 2662 σοῦ
1260 2597 1361 2661 πύλαι
1384 2597 1544 2678 θαυμάζω

310 2706 605 2788 αίσθανύμενος
632 2704 677 2782 ὡς
701 2704 804 2789 ἡδέως
825 2706 1004 2781 καθεύδεις
1026 2705 1108 2769 falso
1132 2725 1201 2769 esse
1225 2705 1468 2785 αἰσθανόμενος
1491 2703 1544 2767 ad-

311 2812 466 2896 scriptum
496 2809 530 2898 (a
557 2835 622 2896 quo
650 2815 707 2877 aut
735 2833 800 2896 quo
830 2810 1003 2897 consiliot)
1032 2833 1104 2876 cum
1132 2809 1318 2897 Hirsobigio
1347 2807 1543 2874 Hartmanus

310 2917 357 3005 (p.
376 2915 434 3004 92)
462 2921 658 3003 statuerunt,
685 2919 772 3004 quod
803 2919 931 3003 quidem
959 2919 1120 2982 sententia
1146 2916 1286 3004 flagitari
1314 2939 1379 2982 non
1408 2915 1544 2981 dicimus

311 3026 369 3089 sed
386 3029 496 3090 tamen
514 3031 650 3090 venuste
668 3025 806 3109 quadam
825 3025 1032 3109 simplicitate
1050 3025 1203 3109 loquendi
1222 3023 1314 3090 valde
1329 3022 1544 3089 commendari

309 3132 542 3196 existimemus.
579 3129 732 3216 Inprimis
760 3133 962 3218 respicienda
989 3137 1065 3198 sunt
1091 3131 1215 3217 Legum
1238 3131 1336 3196 verba
1358 3129 1423 3218 (vu
1441 3153 1473 3214 p.
1492 3129 1544 3214 56,

313 3239 353 3304 ll
370 3236 443 3324 Bk.)
471 3239 578 3304 πολλὰ
600 3235 664 3324 μὲν
692 3241 734 3324 δὴ
758 3241 876 3306 τοίνυν
898 3242 982 3305 ἄλλα
1005 3241 1086 3324 ἡμῖν
1108 3251 1176 3305 τῶν
1197 3242 1348 3304 παλαιῶν
1371 3237 1544 3321 ὀνομάτων

310 3345 357 3423 ὡς
379 3342 417 3413 εδ
439 3344 494 3411 καί
517 3348 600 3411 κατὰ
621 3348 728 3429 φύσιν
750 3349 886 3430 κείμενα
909 3349 962 3413 det
980 3348 1273 3430 διανοούμενον
1292 3344 1449 3412 ἐπαινεῖν.
1482 3344 1543 3409 Ριι-
1558 3372 1584 3412 ιο

310 3457 458 3519 tamusne
484 3454 740 3538 διανοούμενον,
772 3454 856 3520 unde
883 3455 1002 3540 pendet
1032 3456 1167 3520 alterum
1197 3454 1403 3540 participium
1432 3452 1476 3529 ὡς
1504 3448 1542 3518 εὖ

309 3556 366 3625 καὶ
388 3560 471 3625 κατὰ
492 3561 600 3645 φύσιν
621 3564 769 3645 κείμενα,
792 3563 879 3646 quod
902 3584 940 3628 eo
964 3562 1159 3627 adminiculo
1182 3582 1247 3626 non
1270 3561 1450 3647 indigebat,
1472 3580 1541 3623 ora

310 3666 410 3732 tionis
435 3666 541 3733 forma
561 3669 705 3752 requiri?
732 3669 819 3753 quod
841 3670 935 3734 nobis
958 3670 1019 3734 etsi
1043 3670 1175 3733 minime
1199 3668 1296 3733 deleri
1319 3668 1454 3732 velimus
1476 3687 1543 3731 non

309 3776 415 3860 magis
436 3777 654 3840 necessarium
677 3775 805 3841 videtur
827 3798 924 3861 quam
946 3776 999 3841 rel
1021 3777 1197 3852 πείθοντες
1216 3776 1250 3840 in
1269 3774 1448 3861 Republica
1468 3772 1545 3860 (vm

311 3902 342 3966 p.
362 3880 437 3964 407,
458 3878 514 3968 12)
537 3884 764 3966 σωφροσύνην
786 3880 823 3948 δὲ
845 3882 1031 3968 ἀνανδρίαν
1053 3881 1233 3959 καλοῦντές
1251 3906 1286 3947 τε
1304 3880 1358 3947 καὶ
1378 3886 1544 3965 προπηλα-

310 3988 457 4067 κίζοντες
474 3986 683 4072 ἐκβάλλουσι,
701 3992 896 4075 μετριότητα
913 3986 951 4056 δὲ
969 3988 1024 4054 καὶ
1045 3992 1187 4070 κοσμίαν
1205 3988 1358 4073 δαπάνην
1374 3990 1418 4065 ὡς
1433 3989 1545 4074 ἀγροι-

311 4098 390 4159 κίαν
411 4095 466 4160 καί
490 4094 730 4181 ἀνελευθερίαν
753 4092 860 4164 οὖσαν
882 4099 1095 4173 πείθοντες
1113 4096 1347 4180 ὑπερορίζουσι
1365 4096 1446 4178 μετὰ
1464 4100 1542 4160 πολ-

313 4206 381 4267 λῶν
403 4198 603 4287 ἐπιθυμῶν,
627 4224 691 4287 quc
715 4204 886 4289 participio
910 4204 988 4267 item
1013 4204 1215 4268 enuntiatum
1238 4201 1439 4287 participiele
1463 4203 1545 4289 regi·

310 4312 378 4393 tur,
405 4308 492 4393 quod
521 4310 590 4375 sine
618 4331 656 4375 eo
683 4332 750 4375 non
772 4312 879 4377 minus
902 4314 989 4375 recte
1014 4310 1188 4376 constabat.
1226 4308 1314 4374 Haec
1336 4309 1364 4374 si
1387 4308 1544 4373 immunia

310 4419 399 4499 sunt,
425 4420 576 4481 tamenim
602 4418 761 4482 instamus
783 4416 935 4494 πεισθεὶς
958 4440 1029 4483 esse
1052 4416 1301 4481 removendum?
1331 4416 1419 4501 quod
1441 4414 1544 4481 eidem
1558 4442 1585 4483 ιο

310 4521 384 4585 usui
412 4522 688 4589 accommodatum
717 4524 872 4591 orationis
901 4546 997 4591 causa
1024 4524 1169 4609 potuisse
1194 4524 1305 4589 abesse
1329 4524 1544 4589 concessimus

310 4627 341 4693 h.
361 4651 386 4693 e.
411 4628 574 4695 subletum
597 4653 663 4697 nou
686 4630 860 4697 dissolvere
883 4633 1076 4713 oraticnem,
1103 4635 1210 4695 tamen
1234 4652 1293 4697 nec
1316 4632 1385 4697 sine
1408 4632 1544 4697 coneilio

310 4734 470 4799 adiectum
498 4758 559 4801 nec
585 4737 655 4803 eine
682 4738 798 4803 damno
825 4760 921 4822 posse
949 4738 1033 4803 demi
1061 4738 1156 4803 nobis
1179 4740 1395 4824 persuasimus
1419 4740 1475 4824 qui
1498 4741 1544 4804 ita

311 4842 487 4908 sentiamus
511 4844 665 4929 opinandi
688 4844 959 4931 significationem
982 4866 1065 4929 quae
1088 4847 1172 4911 inest
1195 4847 1229 4911 in
1252 4846 1358 4911 verbis
1377 4846 1422 4923 ὡς
1440 4847 1504 4931 ἄρα
1518 4896 1544 4913 ..

310 4946 468 5033 ἐσόμενος
495 4950 701 5034 superaddito
729 4953 880 5029 πεισθεὶς
907 4952 1036 5017 accendi
1065 4956 1097 5016 et
1124 4958 1257 5037 perapte
1285 4953 1324 5018 ad
1351 4954 1543 5018 sententiam

312 5056 347 5120 iu
369 5058 435 5120 vim
458 5058 676 5141 persuasionis
700 5058 821 5146 augeri.

401 5268 453 5333 Ad
481 5268 636 5357 Hippiam
664 5272 818 5356 redimus,
847 5276 884 5337 ut
912 5294 994 5357 quae
1021 5294 1117 5358 porro
1145 5272 1418 5339 animadversione
1446 5272 1544 5359 digna

311 5376 382 5441 risa
404 5377 470 5442 sint
493 5376 528 5441 in
549 5376 658 5444 verbis
681 5400 762 5464 quse
785 5378 861 5445 huic
884 5381 983 5465 capiti
1006 5381 1270 5467 praescripsimus
1294 5379 1469 5445 indicemus
1488 5402 1543 5445 no-
