3925 6675
403 1151 470 1217 434
648 1153 705 1205 LV.
724 1151 839 1204 INDEX
857 1151 1070 1204 arenosum
1088 1151 1320 1203 smsmvasum
1339 1153 1417 1202 1902.

563 1314 677 1380 Trcbit
703 1314 865 1380 Hectorem
897 1315 942 1377 od
972 1333 1099 1378 cerrum
1125 1311 1291 1395 religatum
1313 1311 1467 1378 Achilles:
1499 1311 1635 1378 loooeort

562 1443 631 1487 eom
650 1427 678 1486 et
694 1422 814 1499 sortire,
838 1421 934 1498 oredo,
951 1425 1053 1502 putot.
1090 1419 1178 1502 Ergo
1199 1419 1250 1484 bic
1266 1418 1434 1502 αῑαανίαα,
1458 1423 1492 1483 ut
1508 1419 1634 1502 peridem

561 1529 624 1595 soi
645 1530 782 1593 videtur:
805 1532 840 1592 ct
861 1527 920 1592 itta
941 1527 1021 1592 siccet
1043 1527 1276 1592 acerbissimam
1297 1547 1364 1591 rem
1387 1531 1502 1592 moeret

627 1629 633 1646 “
663 1634 739 1699 Victi
760 1635 865 1699 cidere
885 1634 969 1716 qood
991 1653 1157 1716 crepereo
1179 1653 1366 1717 asperrime,

660 1741 822 1807 Hectorem
844 1760 939 1805 curra
961 1740 1150 1823 quadriiugo
1172 1741 1338 1822 raptarier.

567 1848 663 1930 Qoerr
688 1848 871 1913 Hectorem?
900 1853 957 1912 cot
978 1868 1073 1930 quom
1097 1841 1154 1911 diu
1176 1847 1229 1912 elle
1250 1847 1308 1912 erit
1330 1844 1468 1912 Hector?
1514 1845 1634 1912 Metius

562 1955 678 2020 Accius
700 1961 728 2020 et
749 1955 922 2037 aliquando
943 1956 1071 2037 sopierat
1093 1953 1247 2020 Achilles:

659 2063 763 2128 Immo
772 2061 1186 2143 enimverocorposPricmo
1194 2061 1330 2143 reddidi,
1340 2059 1500 2126 Hectorem
1510 2059 1633 2126 obstub.

562 2170 637 2235 Nom
654 2171 752 2253 igitar
767 2169 903 2234 Hectora
921 2169 1049 2233 mesisti
1066 2169 1122 2234 sed
1138 2187 1248 2251 corpus
1265 2168 1348 2250 qood
1362 2168 1469 2249 sumat
1481 2167 1634 2251 Hectoris,

361 2304 388 2345 ιο
402 2277 474 2362 qais
491 2298 558 2342 non
571 2275 667 2358 videt,
686 2297 881 2360 quamquam
899 2276 1059 2340 neminem
1074 2273 1191 2339 vidisse
1211 2277 1351 2359 apparet,
1371 2278 1408 2338 ut
1425 2295 1520 2339 nemo
1537 2275 1634 2340 inter-

401 2389 529 2469 pretum
547 2383 769 2447 Tullianorum
792 2403 887 2467 saepe
910 2381 1142 2446 abundantium
1167 2381 1202 2444 in
1225 2381 1321 2445 rebus
1343 2380 1509 2446 vilissimis
1531 2402 1632 2446 unum

400 2489 533 2555 verbum
556 2489 591 2554 in
612 2489 693 2554 haec
714 2487 955 2573 interpretanda
977 2487 1145 2572 impendit,
1169 2487 1225 2552 sed
1248 2487 1321 2571 quis
1344 2509 1409 2552 non
1430 2487 1527 2570 videt,
1548 2487 1634 2553 hanc

399 2596 686 2682 interrogationem
714 2597 810 2677 Quem
832 2595 995 2660 Hectorem
1018 2595 1113 2678 plane
1136 2593 1307 2680 gemellam
1331 2615 1400 2658 esse
1423 2595 1471 2658 illi
1494 2594 1533 2658 de
1555 2591 1633 2660 Iove

400 2708 434 2768 st
456 2703 683 2790 interrogando
707 2702 826 2789 negari,
850 2723 946 2785 quem
969 2701 1027 2766 ills
1050 2700 1129 2766 dicit
1147 2699 1321 2766 Hectorem
1345 2699 1517 2766 sevidisse
1536 2722 1633 2766 curru

400 2811 531 2894 raptari,
553 2809 727 2876 Hectorem
750 2809 859 2894 fuisse,
881 2831 920 2874 ee
941 2811 1049 2872 mente
1072 2807 1220 2873 videlicet
1243 2829 1308 2892 qua
1326 2813 1382 2872 aut
1399 2807 1517 2873 Accius
1536 2829 1634 2892 supra

400 2918 518 2982 citatus
541 2915 701 2983 Achillem
723 2917 803 2983 facit
825 2915 982 2981 dicentem
1012 2935 1123 2998 eorpus
1145 2913 1279 2980 Priamo
1305 2915 1443 2993 reddidi,
1471 2917 1632 2980 Hecoem

399 3024 523 3105 mmet,
546 3027 604 3089 ant
620 3023 813 3089 Aristoteles
836 3023 948 3087 scribit
966 3023 1000 3086 iu
1019 3019 1195 3089 Rhetorica
1214 3019 1290 3108 (113
1308 3043 1340 3105 p.
1358 3021 1469 3086 1380b
1488 3019 1547 3108 29)
1566 3021 1633 3088 Διὸ

399 3127 438 3196 εὖ
460 3129 536 3212 περὶ
560 3140 620 3196 τοῦ
636 3129 793 3214 Ἕκτορος
817 3128 834 3195 b
858 3131 995 3213 ποιητής
1014 3127 1064 3215 (ll
1084 3146 1170 3192 xxlv
1189 3127 1258 3215 54),
1281 3138 1406 3194 παῦσαι
1429 3128 1633 3211 βουλόμενος

398 3239 458 3304 τὸν
474 3237 620 3322 Ἀχιλλέα
638 3247 696 3321 τῆς
714 3236 815 3320 ὀργῆς
833 3243 1028 3316 τεθνεῶτος,
1047 3235 1199 3320 ’κωφὴν
1218 3236 1289 3320 γὰρ
1309 3235 1355 3319 δὴ
1375 3245 1492 3316 γαῖαν
1511 3233 1632 3301 ἀεικί-

359 3372 386 3413 so
400 3350 455 3425 ζει
480 3346 720 3428 μενεαίνων)
767 3343 878 3408 Cicero
908 3347 1016 3409 autem
1040 3343 1109 3427 ipse
1132 3342 1377 3428 interrogationi
1401 3344 1535 3409 alteram
1559 3340 1633 3408 aub-

399 3453 511 3516 iiciens
526 3452 809 3538 interrogationem
831 3452 927 3531 Qrtem
936 3450 1098 3515 Hectorem
1112 3455 1169 3515 cot
1181 3470 1276 3531 qoam
1291 3450 1347 3514 cto
1363 3449 1414 3514 itte
1428 3448 1632 3514 eritHedor?

400 3580 437 3623 eo
460 3558 564 3643 magis
582 3558 649 3621 vim
667 3558 784 3641 prioris
808 3556 969 3640 patefacit,
993 3556 1089 3621 modo
1113 3560 1199 3621 recte
1223 3556 1381 3621 scribatur
1399 3556 1431 3620 in
1451 3554 1513 3621 hac
1532 3556 1633 3621 altera

399 3664 558 3729 sententia
580 3685 647 3729 non
668 3665 729 3728 erit
750 3664 806 3727 sed
828 3668 903 3742 erat,
926 3663 955 3728 si
977 3663 1107 3748 quidem
1131 3666 1269 3747 negatur
1287 3684 1358 3727 eum
1380 3684 1475 3747 quem
1498 3661 1632 3727 traxerit

398 3769 543 3836 Achilles
566 3772 733 3835 etiamtum
752 3768 924 3835 Hectorem
942 3770 1050 3835 fuisse.
1085 3768 1118 3835 N
1119 3791 1161 3833 on
1180 3790 1271 3834 secus
1294 3768 1352 3834 illo
1371 3768 1443 3834 loco
1462 3768 1518 3853 qui
1537 3768 1631 3834 nobie

399 3882 448 3943 sat
475 3879 508 3943 in
537 3878 687 3943 manibus
710 3878 921 3963 interrogatio
943 3876 1190 3962 interrogationi
1214 3876 1355 3941 additur:
1393 3876 1458 3958 Quo
1482 3875 1554 3941 Iooe
1576 3880 1633 3941 ortt

398 3986 477 4067 qm'd
503 3985 593 4050 tabet
618 3985 707 4050 attice
728 3986 881 4050 carminis
901 3984 1005 4049 simae
1026 3983 1101 4048 baec
1122 3983 1245 4049 oratio?
1291 3982 1473 4067 Utrobique
1496 4004 1554 4067 per
1576 3988 1632 4049 ortt

397 4092 589 4177 particulam
613 4092 764 4157 adiicitur
786 4091 873 4175 quod
900 4090 1050 4174 pluribus
1073 4088 1181 4154 verbis
1211 4088 1343 4155 eandem
1367 4088 1484 4155 referat
1507 4094 1631 4155 senten

397 4200 485 4264 tiam.
522 4198 626 4276 Quam
648 4200 806 4264 rationem
829 4197 885 4281 qui
908 4197 1009 4282 probe
1032 4196 1240 4281 perspexerit,
1264 4196 1426 4279 concedet,
1450 4196 1630 4281 opinamur,

396 4305 455 4371 has
478 4304 746 4391 interrogationes
770 4325 849 4389 quas
873 4304 1032 4369 sententia
1053 4304 1144 4369 iubet
1167 4304 1201 4368 in
1219 4326 1316 4368 unam
1338 4302 1516 4368 coalescere
1534 4302 1630 4368 inter

356 4439 383 4481 rc
396 4413 569 4499 pungendo
598 4434 765 4497 perperam
797 4412 830 4475 in
863 4410 942 4475 duas
969 4410 1115 4496 dispesci.
1170 4408 1231 4475 Illa
1264 4410 1348 4475 enim
1378 4432 1458 4495 quae
1487 4408 1665 4479 diximustl

401 4520 497 4600 Qreem
521 4523 682 4584 Hectorem
704 4525 759 4582 oct
781 4520 934 4599 qreomdio
956 4518 1009 4583 cite
1031 4524 1098 4583 eret
1116 4516 1254 4583 Hector?
1296 4518 1362 4598 Quo
1380 4516 1453 4581 love
1475 4522 1530 4582 aut
1552 4514 1630 4599 occid

395 4625 485 4691 babet
506 4626 604 4691 Arati
625 4626 729 4690 simite
749 4626 824 4689 boec
845 4625 968 4689 oratio?
1002 4624 1079 4709 quid
1107 4624 1228 4689 distant
1256 4623 1296 4689 ab
1319 4624 1383 4702 his,
1412 4622 1521 4707 qualia
1543 4622 1629 4707 apud

397 4730 530 4797 eundem
551 4730 737 4798 Ciceronem
760 4731 1018 4816 frequentantur:
1047 4732 1112 4813 Quo
1136 4732 1260 4797 toodem
1283 4730 1372 4796 modo
1396 4736 1452 4795 out
1473 4728 1564 4813 oeae
1586 4734 1631 4796 est

396 4840 475 4903 istm
491 4840 574 4921 qood
584 4844 695 4921 poetoe
711 4838 839 4904 comat?
880 4838 966 4919 Quid
982 4858 1077 4921 opem
1090 4839 1198 4921 potios
1216 4843 1271 4903 aot
1289 4838 1325 4902 io
1343 4858 1402 4919 quo
1420 4836 1531 4902 melias
1548 4836 1630 4902 tuac

396 4964 575 5011 consumam
603 4944 709 5009 diem?
760 4943 847 5021 Quae
873 4944 1027 5031 leguntur
1054 4944 1087 5008 in
1117 4944 1256 5031 Legibus
1287 4967 1317 5028 p.
1337 4942 1402 5027 3‚8
1426 4946 1458 5007 et
1480 4966 1511 5028 p.
1533 4944 1584 5025 14,
1598 4944 1627 5007 9.

395 5051 445 5117 De
473 5074 537 5135 quo
564 5072 680 5137 genere
703 5072 806 5136 nuper
828 5050 975 5135 pluribus
999 5052 1153 5135 exemplis
1177 5052 1316 5115 maxime
1340 5048 1541 5115 Terentisnis
1564 5048 1628 5116 col-

394 5158 486 5224 lectis
509 5158 633 5245 egimus
657 5158 690 5221 in
708 5158 802 5223 Actis
823 5158 1012 5223 academicis
1031 5179 1057 5221 a.
1075 5156 1161 5222 1900
1180 5180 1209 5243 p.
1225 5158 1268 5221 42
1278 5179 1346 5241 sqq.
1365 5156 1547 5242 licebatque
1566 5154 1628 5223 alia

394 5316 585 5387 teneretque
603 5316 695 5371 metu?
716 5316 791 5387 Quae
805 5324 844 5371 est
866 5333 939 5371 omas
958 5323 1019 5387 mm·
1033 5315 1130 5383 deliro,
1149 5332 1219 5385 quoe
1238 5318 1331 5371 timeat
1351 5316 1404 5371 istc
1421 5358 1426 5369 .
1444 5358 1448 5367 .
1466 5314 1628 5371 ‘schemis

394 5406 506 5476 tempto'
526 5407 598 5478 eqa]
