3925 6675
408 1147 474 1212 320
631 1149 728 1199 XLIX.
747 1148 861 1198 INDEX
880 1145 1093 1198 caenosum
1111 1145 1343 1196 assumtum
1363 1145 1440 1196 1899.

407 1332 489 1394 quae
512 1312 658 1394 proxime
680 1307 882 1372 antecedunt.
918 1306 1032 1391 ltaque
1055 1307 1139 1372 haue
1161 1327 1230 1371 esse
1254 1305 1445 1371 sententiam
1465 1303 1638 1370 statuimus

408 1418 522 1500 ‘neque
546 1416 697 1502 splendor
719 1416 860 1480 nominis
883 1419 941 1479 aut
963 1412 1100 1480 altitudo
1124 1413 1272 1478 fortunae
1294 1409 1447 1497 prohibet
1469 1433 1542 1476 eum
1562 1431 1640 1495 quo·

407 1524 514 1588 minus
542 1525 717 1588 amicorum
745 1545 869 1588 memor
896 1521 939 1586 sit
962 1524 1128 1586 eteorum
1152 1541 1259 1585 curam
1283 1517 1424 1604 habeat3’
1448 1523 1480 1584 et
1504 1517 1559 1584 illa
1582 1540 1640 1603 pu-

407 1634 513 1694 tamus
544 1631 665 1714 optime
694 1629 780 1693 inter
809 1650 843 1692 se
871 1629 962 1714 iungi
990 1627 1137 1711 hodieque
1163 1629 1309 1692 ordinet:
1341 1646 1396 1692 uec
1421 1626 1509 1692 illius
1536 1627 1640 1692 cuimi

407 1739 505 1802 aciem
522 1736 730 1819 prueshr'uqit
751 1735 898 1817 splendor
919 1737 971 1800 sui
993 1735 1223 1800 narniniensis
1246 1734 1310 1799 nisi
1329 1732 1417 1818 quod
1434 1736 1467 1799 in
1487 1737 1641 1798 consueta

408 1841 570 1908 Ciceronis
598 1842 758 1926 ubertate,
791 1863 872 1927 qnae
901 1846 933 1908 et
960 1841 1024 1907 hoc
1050 1840 1122 1907 loco
1152 1842 1324 1926 conspicua
1351 1845 1413 1926 est,
1441 1841 1530 1924 prius
1558 1839 1639 1906 illud

407 1950 615 2014 commatium
638 1950 710 2014 hs.
733 1971 800 2014 non
822 1950 940 2014 iniuria
959 1948 1097 2014 fortasse
1116 1949 1212 2034 paulo
1232 1949 1359 2013 tenrrius
1379 1947 1533 2032 videatur,
1556 1951 1593 2012 ut
1612 1947 1639 2012 si

408 2057 454 2122 ihi
477 2057 600 2141 aliquid
623 2058 836 2140 interpolator
860 2057 901 2121 ad
923 2057 1010 2121 hunc
1032 2056 1100 2121 fere
1123 2055 1254 2121 modum
1278 2054 1435 2120 addiderit
1458 2074 1554 2136 ueque
1576 2075 1641 2119 cor·

407 2186 496 2229 ruere
516 2166 641 2246 patitur
668 2186 732 2228 non
762 2163 941 2248 culpandus
964 2163 1020 2246 sit,
1049 2163 1104 2248 qui
1129 2162 1206 2247 quid
1230 2161 1416 2228 Ciceronem
1440 2161 1550 2226 deceat
1574 2165 1639 2226 tam

368 2299 395 2340 ro
409 2275 496 2336 recto
521 2293 616 2336 sensu
638 2272 826 2356 perceperit.
863 2269 985 2335 Verum
1009 2275 1118 2335 tamen
1140 2269 1226 2354 quod
1250 2272 1336 2334 recte
1353 2269 1475 2334 factum
1495 2267 1641 2349 dicimur,

408 2380 469 2443 erit
501 2378 556 2462 qui
590 2379 700 2463 spuria
732 2378 858 2464 origine
890 2381 1001 2442 natum
1036 2400 1131 2462 quam
1160 2399 1179 2440 a
1205 2380 1296 2461 patre
1326 2375 1481 2442 orationis
1510 2381 1639 2461 partum

408 2485 592 2549 existimare
620 2484 735 2549 malit?
766 2483 880 2568 Itaque
909 2488 1016 2549 actum
1044 2489 1093 2548 est
1121 2483 1159 2547 de
1187 2483 1283 2548 alieni
1306 2483 1515 2548 additamenti
1540 2483 1642 2566 ruspi-

409 2594 508 2656 cione.
544 2590 629 2655 Illud
657 2592 767 2675 quaeri
794 2595 917 2676 potest,
945 2591 1099 2675 quoniam
1127 2591 1276 2656 universa
1304 2589 1462 2655 sententia
1490 2589 1562 2656 loeo
1591 2590 1642 2654 de
1700 2601 1704 2608 '

408 2697 546 2764 iieienda
569 2720 634 2762 non
658 2703 715 2781 est,
738 2721 816 2762 num
840 2699 923 2762 forte
945 2699 978 2762 in
998 2698 1077 2783 ipsis
1096 2697 1203 2764 verbis
1222 2697 1264 2763 sit
1283 2697 1369 2782 quod
1388 2720 1516 2762 manum
1538 2719 1642 2762 emen·

409 2805 561 2870 datricem
589 2809 710 2888 poscat.
751 2804 836 2870 Nam
865 2805 951 2889 quod
980 2805 1059 2870 dicit
1082 2826 1178 2888 oeque
1204 2825 1344 2870 cowuere
1364 2806 1504 2889 patitur,
1532 2827 1641 2889 quam·

409 2933 504 2996 quam
528 2913 626 2978 verbo
644 2915 775 2978 metiret
792 2916 939 2977 accurate
958 2912 1146 2997 oppositum
1166 2916 1223 2995 est,
1247 2917 1353 2977 tamen
1374 2914 1450 2996 quia
1468 2913 1641 2997 praecessit

408 3039 548 3085 corruere
574 3040 638 3085 uon
664 3021 750 3099 sicit,
781 3019 940 3084 dubitatio
969 3019 1086 3103 oritur,
1113 3041 1228 3084 verene
1256 3021 1288 3084 in
1318 3018 1379 3084 hac
1407 3019 1488 3084 serie
1516 3025 1641 3084 senteu-
1659 3021 1694 3076 ll

409 3127 526 3191 tiorum
549 3126 601 3191 bis
625 3126 709 3192 idom
733 3127 867 3190 verbum
886 3127 1028 3212 positum
1047 3126 1154 3210 fuerit,
1177 3127 1367 3211 praesertim
1387 3147 1459 3190 cum
1479 3127 1641 3191 nonsatis

410 3233 611 3317 dispiciatur,
640 3233 717 3317 quid
745 3236 788 3298 sit
817 3234 903 3318 quod
931 3233 982 3299 luis
1011 3233 1117 3299 verbis
1140 3234 1287 3317 hodieque
1308 3235 1439 3299 suslimt
1460 3255 1556 3316 ucqree
1578 3253 1642 3298 cor-

369 3369 396 3409 so
410 3363 498 3406 urere
518 3344 643 3423 potitur
671 3342 786 3406 iterata
813 3342 931 3407 obiecti
959 3342 1208 3429 significatione,
1241 3341 1328 3426 quod
1355 3364 1455 3407 unum
1485 3344 1553 3407 erat
1581 3341 1641 3406 toti

410 3449 561 3531 orationi,
593 3450 729 3513 aruicmn
756 3450 941 3530 pucderrtem
974 3450 1134 3515 adiecerit.
1176 3448 1269 3526 Quod
1297 3455 1334 3513 nt
1361 3452 1447 3513 recte
1475 3447 1641 3529 iudicetur,

409 3555 638 3619 attendendum
662 3560 720 3639 est,
742 3554 799 3620 ills
823 3555 952 3639 quidem
975 3561 1107 3641 perapte
1132 3556 1215 3620 inter
1237 3557 1398 3621 seiuncta
1418 3577 1487 3621 esse
1506 3556 1639 3621 cordum

409 3664 599 3743 erperieuhu
620 3664 811 3745 patrimonii
839 3663 1059 3747 amplificandi
1086 3662 1235 3728 lubentem
1263 3664 1390 3745 excepit,
1418 3682 1558 3728 corruere
1579 3682 1642 3728 uorr

408 3771 495 3847 sicit,
525 3769 627 3850 fulsit,
659 3771 820 3848 sustinuit,
855 3770 895 3834 ab
925 3771 966 3834 iis
994 3774 1102 3835 autem
1130 3769 1209 3835 haec
1237 3792 1318 3853 quae
1346 3772 1421 3853 post
1448 3769 1644 3835 adiiciuntur

409 3876 556 3958 hodieque
577 3878 708 3942 asciret
729 3876 837 3941 soluta
859 3898 930 3941 esse
952 3876 1165 3961 latioremque
1189 3876 1349 3961 quandam
1374 3876 1642 3961 significationem

410 3983 539 4048 habere:
567 4004 670 4067 neque
693 3985 778 4049 enim
801 3983 865 4049 hoc
888 3984 981 4069 dicit,
1003 3984 1150 4066 hodieque
1172 3984 1352 4048 labentem
1375 3986 1506 4050 usum
1528 3988 1560 4049 et
1584 3984 1643 4049 la·

410 4090 548 4156 hertam
580 4112 720 4157 corruere
746 4112 810 4156 ucu
831 4093 968 4173 pudeo,
1001 4088 1115 4178 (semel
1142 4092 1269 4175 lapsum
1298 4091 1436 4157 amioum
1466 4088 1643 4175 sustinuit).

411 4196 504 4272 Quod
528 4199 583 4281 qui
607 4199 708 4283 probe
731 4200 925 4283 perceperit,
950 4198 1041 4263 dabit
1063 4199 1210 4281 fortasse,
1232 4200 1266 4262 in
1289 4196 1387 4263 verbo
1411 4219 1550 4265 comem
1573 4220 1644 4285 pec-

410 4308 516 4369 catum
545 4326 615 4369 esse
642 4310 676 4369 et
698 4303 885 4371 Ciceronem
914 4305 1080 4389 scripsisse
1109 4306 1256 4387 hodieque
1277 4308 1406 4371 uutiuet
1429 4326 1484 4371 uec
1506 4308 1641 4373 amicior

370 4438 397 4478 so
405 4412 590 4493 perdentem
618 4434 725 4477 ruere
741 4414 878 4494 potitur,
906 4411 1075 4477 librarium
1100 4416 1206 4477 autem
1228 4412 1292 4477 levi
1316 4414 1431 4478 mentis
1455 4436 1562 4479 errore
1585 4434 1643 4497 pro

411 4539 500 4582 ruere
526 4518 661 4582 verbum
685 4519 771 4601 quod
794 4522 869 4583 ante
892 4524 1044 4603 posuerat
1065 4540 1205 4585 caruere
1227 4522 1366 4585 iterasse.
1404 4518 1489 4585 Illud
1512 4519 1643 4585 verbum

412 4647 476 4709 qua
498 4626 530 4688 ri
554 4630 694 4709 ponatur
716 4624 862 4709 exempla
885 4625 1010 4708 docent,
1034 4648 1133 4691 unum
1153 4625 1317 4691 Ciceronis
1341 4626 1509 4692 deoff.1u
1532 4626 1581 4709 13,
1601 4628 1645 4693 54

412 4732 490 4813 quid
515 4738 560 4797 est
586 4734 668 4796 euim
691 4732 789 4817 uliud
814 4735 935 4797 mardi
961 4735 1047 4798 oium
1075 4754 1139 4799 nou
1167 4740 1351 4813 monstrare,
1379 4736 1485 4800 sihoc
1507 4756 1569 4802 uou
1593 4740 1644 4811 est,

412 4844 576 4919 ereptorem
597 4841 685 4920 pati
706 4860 812 4904 ruere
834 4847 863 4905 d
878 4862 939 4921 per
960 4862 1094 4907 errorem
1117 4844 1154 4906 iu
1176 4842 1349 4907 muciorerrr
1371 4842 1517 4923 fraudere
1541 4844 1645 4908 iuuer-

413 4966 491 5023 rere,
519 4947 655 5010 alterum
679 4946 821 5011 Terentii
846 4946 1047 5013 Hautontim.
1067 4948 1145 5032 113,
1167 4948 1229 5012 128
1257 4949 1329 5013 vide
1351 4950 1396 5014 eis
1418 4970 1457 5015 ue
1479 4949 1557 5031 quid
1580 4950 1644 5013 im·

406 5053 577 5134 prudeus
603 5074 709 5131 ruus;
738 5076 819 5138 quae
846 5059 913 5118 tam
941 5054 1003 5119 hoc
1032 5054 1206 5119 ostendunt
1229 5050 1416 5121 Ciceronem
1439 5058 1525 5121 recte
1549 5061 1581 5121 et
1604 5054 1644 5120 ad

413 5158 497 5225 hano
520 5163 711 5226 sententiam
734 5163 881 5246 apposite
900 5161 1004 5227 dicere
1023 5164 1166 5245 potuisse
1184 5182 1239 5227 uec
1256 5164 1393 5227 omium
1411 5183 1500 5229 mere
1512 5164 1645 5245 potitur,

413 5288 510 5350 quam
534 5289 591 5331 cur
609 5270 793 5350 prudeuem
817 5268 912 5333 adiici
935 5269 1083 5351 voluerit,
1107 5269 1193 5353 quod
1217 5268 1281 5335 sibi
1300 5292 1396 5354 porro
1415 5272 1552 5335 eruimur
1571 5268 1644 5333 addi

413 5374 580 5457 poscebat:
613 5374 695 5439 hane
726 5376 813 5439 euim
844 5396 914 5439 esse
945 5376 1135 5441 sententiam
1165 5380 1316 5461 putamus
1343 5376 1491 5459 hodieque
1515 5378 1647 5443 audiret
