3925 6675
532 1117 713 1170 emnem
731 1115 928 1168 Pmomcl
947 1114 1244 1166 OBSERVATIONES
1263 1115 1298 1165 11.
1484 1110 1546 1176 39]

286 1296 400 1359 quae
422 1284 498 1345 sunt
520 1279 555 1344 in
575 1277 696 1364 Hippia
718 1278 839 1343 maiore
862 1301 893 1363 p.
914 1279 965 1361 13,
986 1275 1027 1341 15
1051 1275 1186 1343 ἐπειδᾶν
1210 1273 1274 1359 ἐγὼ
1298 1274 1449 1358 ὁμολογῶ
1470 1273 1549 1359 ἀγα-

283 1383 376 1448 δὸν
406 1379 492 1452 εἶναι
515 1386 723 1471 δημιουργὸν
746 1386 814 1451 τὸν
839 1385 1023 1466 Φειδίαν,
1050 1376 1134 1466 εἶτα,
1158 1386 1267 1467 φήσει,
1291 1389 1365 1465 οίει,
1388 1392 1486 1448 τοῦτο
1511 1384 1548 1448 τὸ

282 1493 419 1559 καλὸν
437 1493 455 1560 δ
474 1496 517 1558 σὺ
537 1491 654 1576 λέγεις,
673 1493 789 1576 ἠγνόει
811 1488 1020 1578 Φειδίας*),
1043 1512 1150 1554 nonne
1169 1493 1316 1574 opertum
1335 1494 1392 1570 est,
1411 1490 1549 1555 alterum

286 1595 458 1665 Φειδίαν
487 1621 546 1664 noe
573 1600 679 1683 ipsum
708 1597 881 1663 desiderari
910 1618 969 1662 neo
997 1597 1066 1661 eius
1092 1598 1165 1661 looo
1193 1597 1392 1681 pronomen?
1424 1596 1488 1661 Vel
1515 1597 1549 1661 in

285 1698 415 1772 &ltero
439 1705 562 1791 Hippio
584 1727 657 1772 oum
680 1706 761 1771 hoeo
782 1706 934 1791 leguntur
956 1701 1000 1789 (p
1021 1702 1073 1788 45,
1092 1701 1128 1790 ὅ)
1152 1703 1191 1768 de
1213 1701 1341 1768 Achille
1366 1701 1548 1788 Homerico,

288 1801 334 1881 ὃς
367 1806 416 1895 ἦν
439 1812 525 1879 οὕτω
549 1815 631 1896 γόης
649 1811 703 1878 καὶ
722 1810 910 1895 ἐπίβουλος,
933 1811 1017 1876 ὥστε
1036 1809 1091 1876 καὶ
1109 1819 1170 1875 τοῦ
1184 1808 1367 1887 Ὀδυσσέως
1385 1820 1549 1877 τοσοῦτον

289 1920 468 1991 φαίνεται
497 1930 638 2005 φρονεῖν
664 1917 767 1985 πλέον
793 1919 877 2004 πρὸς
903 1919 941 1983 τὸ
969 1918 1093 2004 ῥαδίως
1119 1918 1302 1982 λανθάνειν
1325 1917 1447 1982 αὐτὸν
1470 1917 1547 1983 ἀλα-

291 2017 529 2111 ζονευόμενος
561 2027 645 2091 ὥστε
672 2025 827 2091 ἐναντίον
854 2025 977 2090 αὐτοῦ
1006 2024 1107 2101 αὐτὸς
1135 2022 1240 2113 ἑαυτῷ
1265 2023 1385 2108 ἐτόλμα
1413 2023 1547 2090 ἐναντία

290 2123 423 2209 λέγειν
441 2130 496 2198 καλ
519 2130 706 2198 ἐλάνθανεν
724 2134 792 2197 τὸν
805 2130 993 2197 Ὀδυσσέα
1012 2131 1090 2215 quid
1110 2134 1158 2195 est
1177 2131 1264 2215 quod
1282 2128 1430 2195 Socrates
1450 2153 1546 2215 quem

291 2224 355 2297 bi·
388 2244 462 2305 ante
490 2239 738 2324 pronominibus
768 2238 952 2324 designarat
979 2238 1095 2320 αὐτόν,
1128 2238 1241 2320 αὐτοῦ,
1269 2237 1406 2322 deniqne
1435 2238 1545 2303 eedem
1560 2266 1588 2307 ιο

291 2347 470 2412 *enuntia
492 2345 635 2433 appellet
656 2347 785 2411 nomine
807 2347 868 2411 τὸν
884 2343 1068 2410 Ὀδυσσέαά
1104 2343 1196 2409 Αδδο
1219 2344 1299 2409 illud
1322 2368 1352 2429 p.
1367 2345 1421 2428 47,
1438 2344 1478 2408 16
1503 2347 1545 2410 σὺ

291 2445 372 2528 γάρ
401 2477 442 2539 με
469 2452 593 2537 ἐπῆρας
615 2450 743 2539 Ἱππίᾳ
770 2453 1000 2535 διαλέγεσθαι,
1030 2449 1084 2517 καὶ
1112 2460 1176 2516 νῦν
1200 2450 1259 2522 ἐὰν
1286 2454 1331 2537 μή
1358 2477 1414 2534 μοι
1444 2450 1544 2539 ἐθέλῃ

245 2555 278 2613 14
286 2538 323 2609 Ἵ
327 2564 456 2638 πκίας
484 2559 743 2644 ἀποκρίνεσθαι,
774 2557 854 2625 δέου
887 2558 992 2624 αὐτοῦ
1022 2555 1106 2643 ὑπὲρ
1135 2557 1226 2643 ἐμοῦ.
1262 2556 1338 2624 Non
1365 2580 1425 2624 nos
1451 2559 1484 2623 id
1508 2580 1542 2622 se

293 2662 440 2737 quimur
468 2689 566 2746 nunc,
588 2672 627 2732 ut
648 2666 756 2732 dedito
779 2688 876 2750 opero
898 2665 981 2731 hano
1005 2686 1132 2731 oausam
1155 2667 1321 2731 nominum
1342 2667 1542 2732 excutiamus

292 2767 362 2832 ⁸011
397 2774 534 2840 fortusse
566 2796 632 2839 non
660 2777 709 2838 est
735 2774 850 2837 inutile
878 2773 996 2858 ruptim
1023 2773 1171 2857 exemplo
1197 2770 1353 2836 nonnullo
1381 2774 1542 2859 colligere,

290 2882 392 2949 (lune
419 2880 478 2967 qui
504 2881 568 2946 hoo
594 2884 693 2967 agunt
720 2879 895 2964 impensius
923 2880 1104 2945 examinare
1131 2879 1265 2964 possint.
1307 2877 1420 2964 Itaque
1449 2878 1542 2944 Pluto

291 2983 422 3053 ueribit
445 2988 480 3053 in
498 2987 645 3053 Phaedro
668 3010 699 3072 p.
719 2985 772 3070 65,
792 2985 833 3051 19
850 2984 945 3051 Ἀλλά
967 2988 1034 3071 μὴν
1057 2989 1116 3051 τόν
1140 3009 1175 3070 γε
1205 2988 1344 3050 Τισίαν
1367 2986 1469 3052 αὐτὸν
1488 3008 1543 3052 πε-

289 3085 455 3179 ποὲτηιιας
472 3093 631 3179 ἀκριβῶς·
651 3092 767 3159 εἰπέτω
786 3091 975 3158 τοίνυνκαὶ
994 3093 1070 3159 τόδε
1089 3093 1169 3178 ἡμῖν
1188 3091 1206 3158 δ
1227 3096 1370 3170 Τισίας.
1397 3091 1536 3177 Sympos

288 3199 331 3263 1³·
359 3196 434 3281 8,1
469 3201 511 3267 οὐ
539 3203 603 3286 γὰρ
632 3199 708 3285 ἐμὸς
734 3200 752 3266 ὁ
780 3207 890 3284 μῦθος
918 3199 1000 3266 ἀλλά
1026 3200 1204 3284 Φαίδρου
1228 3200 1342 3283 τοῦδε,
1371 3199 1412 3266 ὃν
1434 3199 1542 3284 μέλλω

288 3289 427 3383 λέγειν.
460 3309 638 3395 Φαῖδρος
659 3309 724 3392 γάρ
748 3305 900 3374 ἑκάστοτε
920 3309 1004 3390 πρός
1021 3330 1060 3393 με
1080 3306 1275 3391 ἀγανακτῶν
1294 3305 1391 3391 λέγει.
1419 3306 1543 3400 Ερλὶιγ·
1556 3346 1584 3386 ‚0

288 3392 578 3502 de111.p.32‚l5
606 3413 684 3481 καθ’
711 3416 748 3480 ἓν
771 3412 909 3480 ἕκαστον
932 3414 1139 3500 ἐρωτώμενοι
1162 3414 1227 3480 ὑπὸ
1251 3418 1493 3498 Κτησίππου.
1524 3415 1542 3481 ὁ

289 3510 369 3601 γὰρ
389 3526 622 3608 Κτήσιππος
644 3523 734 3588 πάνυ
758 3521 1043 3607 ἀπαρακαλύπτως
1062 3573 1068 3585 .
1084 3571 1091 3585 .
1110 3522 1228 3607 ἠρώτα.
1263 3522 1371 3606 Lysid.
1385 3544 1416 3606 p.
1431 3523 1484 3607 64,
1499 3523 1542 3588 23

287 3613 365 3683 τὸν
393 3632 457 3714 γὰρ
485 3638 547 3696 τοῦ
566 3627 769 3715 Ἡρακλέους
796 3628 951 3713 ξενισμὸν
978 3625 1093 3716 πρῴην
1122 3627 1202 3712 ἡμίν
1231 3628 1268 3694 ἐν
1295 3632 1455 3714 ποιήματί
1476 3655 1542 3695 τινι

289 3712 424 3820 ⁰witto,
442 3736 487 3813 ὡς
505 3736 563 3801 διά
580 3737 642 3820 τὴν
659 3744 731 3802 τοῦ
745 3734 986 3819 Ἡρακλέους
1005 3733 1201 3818 ξυγγένειαν
1215 3736 1232 3801 ὁ
1248 3739 1414 3822 πρόγονος
1431 3738 1542 3804 αὐτῶν

290 3817 503 3920 ὑκοδέξαιτο
522 3843 583 3908 τὸν
596 3840 772 3927 Ἡρακλέα,
791 3865 830 3908 ox
846 3842 963 3927 quibus
979 3840 1193 3907 Hartmunum
1208 3842 1354 3907 videmus
1369 3841 1541 3930 (Emblem.

292 3943 332 4010 1>-
349 3943 432 4037 129)
450 3958 511 4016 τοῦ
522 3945 727 4034 Ἡρακλέους
745 3947 917 4034 expellere3
935 3948 990 4012 sed
1009 3948 1071 4014 hoe
1091 3950 1145 4013 vix
1164 3953 1213 4013 est
1231 3950 1411 4034 probabile;
1430 3956 1542 4017 eontra

294 4050 402 4119 poulo
425 4061 502 4142 post
524 4077 584 4140 pro
606 4057 738 4121 nomino
760 4056 808 4120 uti
830 4054 950 4121 licebat
968 4057 1167 4140 pronomine,
1193 4054 1387 4134 ὑποδέξαιτο
1406 4057 1540 4141 αὐτόν,

298 4157 416 4228 γ(λῖαιιι
444 4161 593 4228 semies
625 4162 795 4248 opinamur
826 4162 941 4227 meluit
970 4184 1086 4227 nomen
1114 4163 1237 4228 iterare.
1279 4162 1392 4246 Lysias
1420 4163 1474 4248 13,
1497 4165 1540 4229 55

303 4244 427 4335 Ἀκοίω
456 4265 493 4335 δὲ
523 4268 629 4335 αὐτὸν
654 4267 709 4334 καί
736 4270 783 4346 εἰς
807 4267 1089 4353 Μενέστρατον
1112 4268 1294 4353 ἀναφέρειν
1317 4294 1348 4333 τι
1373 4268 1447 4355 περὶ
1472 4282 1540 4337 τῶν

421 4406 521 4414 -..--

310 4542 319 4563 ‚
393 4480 440 4550 ⁸8)
458 4479 491 4534 In
509 4479 694 4535 adnotatione
707 4479 838 4550 ponimus
853 4497 925 4549 quoe
939 4479 989 4534 illo
1004 4480 1130 4549 proximo
1144 4481 1330 4549 insequuntur
1345 4478 1395 4549 ὅτι,
1410 4482 1474 4549 έρεῖ,
1490 4488 1540 4551 τῆς

303 4555 424 4635 Αθηνᾶς
445 4569 513 4632 τοὺς
536 4567 704 4638 ὀφθαλμοὺς
726 4570 761 4624 οὐ
784 4576 903 4639 χρυσοῦς
925 4567 1056 4638 ἐποίησεν
1081 4569 1147 4623 οῦδὲ
1166 4568 1197 4623 τὸ
1216 4568 1282 4623 ἀλλο
1301 4566 1452 4636 πρόσωπον
1471 4570 1538 4625 οὐδὲ

304 4647 372 4715 ²⁰45·
391 4653 485 4721 πέδας
507 4655 575 4712 οὐδὲ
598 4655 649 4720 τὰς
670 4666 777 4728 χεῖρας,
801 4656 880 4725 ιίπερ
899 4666 1020 4727 χρυσοῦν
1039 4676 1070 4727 γε
1089 4657 1124 4726 δὴ
1145 4654 1177 4712 δν
1196 4656 1342 4712 κάλλιστον
1362 4658 1453 4728 ἔμελλε
1472 4657 1538 4729 φαί-

305 4741 417 4826 :moe
430 4743 492 4801 ἀλλ’
509 4745 702 4815 ᾱιφάντινον,
716 4749 803 4815 δῆλον
816 4744 860 4801 δτι
873 4756 956 4801 τοῦτο
971 4747 1026 4801 ὑπὸ
1041 4744 1170 4815 ἀμαθίας
1184 4746 1404 4818 [ἐξήμαρτεν]
1419 4750 1538 4817 ἀγνοῶν,

306 4829 350 4877 ⁰²⁸
371 4835 473 4906 1Μῶ
495 4831 544 4903 ἀρ’
565 4834 640 4891 έοτλν
663 4834 678 4890 δ
699 4834 794 4890 πάντα
812 4835 884 4890 καλὰ
903 4844 1006 4903 ποιῶν,
1030 4834 1101 4891 ὅπου
1120 4834 1157 4890 ἀν
1176 4834 1369 4906 προσγένηται.
1404 4836 1449 4891 sio
1468 4836 1539 4892 haee

304 4906 397 4978 'didit
415 4923 523 4980 incluso
542 4924 627 4980 verbo
646 4924 797 4994 ἐξήμαρτεν
817 4924 981 4992 Sohsnziue3
1001 4925 1050 4993 qui
1069 4927 1197 4994 oportum
1216 4927 1260 4979 eet
1278 4924 1347 4994 quid
1366 4926 1478 4995 sesequi
1493 4943 1538 4979 vo-

305 4984 403 5078 ¹¹¹0rit3
417 5012 487 5068 huso
501 5013 577 5068 onim
592 5013 688 5069 omnio
701 5014 731 5067 in
745 5030 829 5067 unam
846 5014 1015 5068 sententium
1030 5013 1104 5068 coire
1118 5013 1209 5068 voluit
1223 5015 1256 5068 οῦ
1269 5023 1388 5084 χρυσοῦς
1397 5012 1538 5083 ἐποίησεν,

306 5078 437 5176 filesta
455 5103 566 5171 ἀγνοῶν
585 5100 628 5158 δτι
647 5100 748 5171 χρυσός
765 5105 821 5157 κτλ.
851 5101 930 5168 Quod
950 5105 982 5156 ut
1001 5102 1067 5156 ferri
1085 5103 1189 5172 possit,
1213 5104 1255 5156 itu
1272 5120 1373 5172 porum
1392 5102 1537 5156 commode

264 5237 267 5242 .
305 5179 388 5257 Ἡλεί
410 5191 540 5247 videntur
561 5193 617 5248 eui
640 5190 769 5263 ἀμαθίας
791 5194 916 5262 ἀγνοῶν,
943 5193 1066 5261 perbene
1090 5209 1163 5261 quoe
1186 5193 1291 5261 scripte
1315 5196 1381 5246 sunt
1404 5192 1433 5244 in
1457 5190 1536 5246 libris

304 5271 389 5334 τοῡτο
411 5281 466 5336 διὸ
489 5280 617 5351 ἀμαθίας
639 5280 791 5350 ἐξήμαρτεν
814 5283 942 5350 ἀγνοῶν,
966 5279 1015 5336 δτι.
1049 5281 1148 5350 Iteque
1172 5282 1212 5335 sic
1235 5280 1416 5335 statuendum
1441 5284 1496 5346 est,
1520 5297 1538 5334 o

306 5343 395 5422 οδῖον
413 5365 454 5426 ὅτι
472 5387 573 5426 novum
591 5371 715 5440 ineipete
734 5371 903 5426 sententiam
922 5370 1080 5433 ἀσννὸἐτως
1098 5370 1288 5440 superioribus
1308 5369 1455 5424 adnexum.
