3925 6675
725 1141 775 1192 un
794 1142 912 1194 ovmn
930 1126 1062 1194 rasura.
1467 1141 1510 1206 99

273 1303 432 1386 pleraque
459 1325 533 1387 pars
557 1301 716 1368 bonorum
739 1302 886 1386 exhibet,
913 1303 1070 1367 omittimt
1092 1303 1156 1368 duo
1179 1303 1308 1388 optimi,
1332 1310 1515 1390 quaeratur,

274 1412 360 1473 sitne
394 1410 541 1492 spurium
570 1431 611 1474 an
644 1410 684 1473 ab
712 1407 829 1475 ovidio
861 1410 1056 1494 profectum:
1089 1409 1121 1474 id
1154 1411 1240 1494 quod
1271 1412 1333 1476 iam
1362 1416 1514 1496 putamus

276 1519 426 1580 constare
455 1517 519 1581 nisi
547 1538 586 1580 ex
613 1517 686 1602 ipso
713 1517 911 1603 argumentis
938 1518 1050 1602 petitis
1078 1517 1290 1582 demonstrari
1317 1540 1383 1583 non
1409 1541 1512 1604 posse.

278 1619 340 1686 Sed
369 1624 439 1688 eius
467 1625 595 1708 generis
624 1629 813 1709 argumenta
840 1625 958 1707 quibus
986 1624 1101 1688 Petrus
1131 1622 1323 1688 Ouidianum
1351 1647 1417 1689 non
1445 1646 1515 1690 esse

279 1730 451 1813 probatum
475 1731 536 1794 ivit
559 1729 648 1816 (nam
667 1729 843 1796 Merkelius
866 1731 1040 1795 identidem
1065 1733 1203 1812 ineptos
1224 1733 1360 1816 vocavit,
1382 1731 1514 1797 rationi-

282 1835 340 1900 bus
367 1837 524 1923 pepercit)
552 1838 680 1902 infirma
707 1838 878 1902 admodum
906 1841 995 1901 sunt:
1023 1859 1292 1922 supervacaneum
1320 1842 1405 1903 certe
1431 1860 1513 1903 esse:

286 1944 417 2024 quodsi
440 1966 551 2010 verum
575 1948 672 2027 esset,
698 1944 781 2009 nihil
803 1950 911 2010 tauron
933 1949 1136 2030 argueretur3
1165 1949 1197 2008 et
1219 1967 1279 2009 nos
1302 1945 1420 2010 falsum
1444 1967 1514 2010 esse

289 2051 424 2115 evincere
456 2052 647 2116 studuimus.
680 2051 785 2116 Versu
813 2052 879 2116 202
911 2074 1008 2136 prave
1040 2052 1092 2115 vel
1120 2053 1241 2136 scripto
1270 2053 1321 2117 vel
1348 2051 1513 2116 intellecto

292 2155 400 2222 iactum
427 2181 495 2223 esse
522 2163 560 2223 ut
587 2158 710 2242 aliquid
738 2158 778 2223 de
800 2157 975 2222 Fabiorum
1005 2159 1094 2222 exitu
1123 2158 1302 2236 addendum
1325 2159 1425 2224 fuisse
1449 2180 1514 2223 cre-

298 2261 415 2329 deretur.
452 2266 499 2329 At
521 2287 598 2330 vero
622 2288 661 2331 ex
684 2287 723 2329 eo
746 2287 849 2349 versu,
872 2265 928 2350 qui
952 2267 1144 2331 sententium
1164 2265 1383 2351 habetipsam
1402 2287 1556 2349 perse10

301 2367 433 2436 incertam
451 2373 644 2457 pendentem
664 2370 735 2459 (cur
753 2373 838 2438 enim
857 2374 920 2438 hoc
938 2373 1017 2436 dicit
1030 2377 1126 2457 poeta
1140 2373 1224 2437 viam
1240 2394 1335 2437 omen
1348 2371 1515 2474 habere?)‚

305 2475 413 2561 siquis
439 2479 572 2565 collegit
600 2480 638 2543 de
666 2478 774 2544 Fabiis
802 2479 1083 2564 proficiscentibus
1111 2479 1281 2544 dicendum
1309 2478 1422 2563 fuisse,
1454 2501 1514 2544 nec

307 2579 377 2649 illum
404 2609 501 2671 prave
532 2587 693 2651 intellexit
720 2590 753 2651 et
779 2586 843 2652 hoc
869 2590 955 2651 recte
984 2585 1116 2672 collegit
1144 2607 1335 2669 sensumque
1363 2585 1515 2670 probavit

310 2689 482 2758 mbtiliorem
505 2695 626 2759 nostris
648 2693 887 2779 interpretibus.
926 2691 990 2758 Sed
1013 2693 1064 2756 his
1087 2693 1284 2778 argumentis
1308 2695 1345 2756 ut
1367 2691 1449 2755 nihil
1469 2693 1513 2755 ei-

311 2795 400 2882 icitur,
419 2803 464 2866 sic
488 2823 554 2885 quo
577 2801 682 2887 magis
704 2801 783 2865 fides
806 2801 1030 2865 damnatorum
1050 2821 1199 2863 versuum
1219 2798 1409 2880 stabiliatur,
1426 2821 1514 2864 nunc

312 2897 357 2966 boc
372 2908 523 2993 agendum
546 2913 597 2972 est
618 2912 656 2972 nt
678 2907 850 2992 distichon,
873 2907 960 2990 quod
982 2928 1056 2971 vere
1075 2906 1236 2969 affirmare
1254 2904 1331 2969 licet
1349 2927 1368 2968 a
1387 2905 1514 2969 nemine

314 3027 394 3077 eorum
411 3017 465 3099 qui
484 3016 738 3080 condemnarunt
755 3019 841 3079 recte
856 3012 1053 3078 intellectum
1070 3034 1148 3095 esse,
1167 3034 1262 3095 quam
1277 3011 1514 3076 accuratissime

314 3126 445 3186 ametur
467 3126 601 3205 totaque
623 3122 726 3186 oratio
750 3143 832 3205 quae
855 3125 1009 3204 quattuor
1031 3141 1143 3184 versus
1163 3121 1250 3182 tenet
1269 3118 1315 3182 sic
1333 3122 1370 3182 ut
1388 3140 1446 3202 par
1464 3123 1515 3181 est

315 3219 423 3292 hebra
443 3228 517 3293 lnce
540 3232 687 3313 ponatur.

282 3341 306 3396 lt
357 3334 407 3401 201
455 3337 634 3403 Carmentae
649 3343 762 3418 portae
784 3337 891 3401 dextro
913 3341 957 3399 est
978 3337 1033 3399 oio
1050 3336 1201 3415 prosimu
1223 3336 1315 3397 sono:
1527 3356 1556 3395 ιο

507 3441 562 3508 Ire
577 3464 638 3525 per
658 3444 741 3508 tunc
761 3443 835 3522 noli,
858 3443 1000 3523 quisquis
1022 3461 1069 3505 es:
1093 3460 1181 3505 onies
1201 3439 1297 3503 tobei.

355 3548 409 3614 203
453 3551 520 3616 ma
541 3552 633 3632 samu
655 3552 749 3632 refert
770 3549 890 3614 Faetus
912 3550 1011 3613 exisse
1033 3553 1185 3612 trecentos.

508 3658 609 3723 Porto
632 3664 721 3722 vocat
743 3657 844 3739 colpe,
867 3657 922 3721 sed
943 3662 1048 3719 tomen
1071 3674 1159 3718 omen
1177 3653 1274 3717 babet.

313 3756 404 3833 cuno
425 3788 521 3831 versu
542 3769 677 3849 apparet
696 3763 794 3828 rediri
817 3763 858 3826 ad
882 3761 1056 3827 secundum
1083 3759 1280 3843 eandemque
1299 3781 1425 3823 causam
1449 3781 1513 3842 qua

312 3874 380 3947 psa
392 3874 423 3937 in
437 3872 579 3937 secundo
594 3894 668 3937 eum
682 3871 812 3955 quicum
828 3868 1025 3953 colloquitur
1037 3866 1224 3931 dehortatur
1233 3866 1356 3929 variata
1366 3867 1511 3930 oratione

310 3976 393 4044 referri
411 3982 443 4046 in
463 3986 588 4064 quarto.
626 3978 689 4055 Qui
704 3979 731 4041 si
745 4000 821 4061 pars
835 3981 884 4040 est
898 3976 1041 4040 instituti
1056 3973 1210 4038 sermonis
1225 3994 1298 4037 cum
1313 3973 1511 4055 nescioquo,

309 4083 469 4153 adeundem
490 4108 670 4153 sermonem
689 4106 818 4150 necesse
837 4088 886 4147 est
900 4084 1057 4147 referatur
1071 4102 1182 4144 versus
1197 4080 1325 4157 tertius3
1344 4100 1437 4161 quem
1454 4078 1510 4161 qui

307 4195 434 4261 stetin
452 4193 695 4277 examinaverit,
714 4191 817 4256 oratio
838 4192 907 4274 ipsa
926 4188 1053 4253 videtur
1071 4186 1212 4251 indicare
1231 4186 1277 4249 sic
1296 4207 1362 4249 non
1381 4206 1511 4248 narrare

306 4304 408 4379 mm
426 4303 482 4368 sed
502 4301 586 4367 hanc
604 4321 733 4365 causam
752 4298 859 4363 afferri
879 4296 1108 4360 admonitionis
1127 4293 1320 4377 praemissae
1340 4292 1378 4355 de
1393 4291 1509 4355 omine.

306 4400 377 4478 Quod
401 4412 428 4475 si
455 4415 543 4475 recte
571 4408 756 4490 statuimus,
784 4404 978 4490 intelligitur
1005 4402 1065 4467 hos
1093 4404 1247 4484 quattuor
1269 4420 1380 4463 versus
1404 4402 1509 4463 totum
1524 4419 1554 4459 io

305 4512 406 4582 efficere
427 4523 461 4583 et
483 4519 516 4581 in
541 4538 641 4581 unum
665 4513 840 4579 coalescere
864 4532 1042 4575 sermonem
1071 4531 1141 4572 cum
1171 4529 1208 4570 eo
1239 4505 1384 4570 habitum
1417 4527 1510 4588 quem

306 4627 381 4700 pochi
408 4625 514 4689 verbis
543 4623 686 4708 appellat
711 4622 853 4703 quiswis
879 4639 918 4683 es.
964 4614 1064 4680 Cuius
1093 4616 1249 4677 sermonis
1278 4615 1340 4677 iter
1368 4613 1401 4676 in
1426 4614 1512 4677 hunc

304 4724 355 4792 ica
373 4732 499 4798 modum
522 4730 684 4814 explicare
706 4728 789 4792 licet.
837 4725 1003 4807 ‘Quisquis
1027 4744 1073 4801 es,
1101 4722 1129 4784 si
1153 4719 1300 4804 proxima
1324 4719 1376 4782 via
1399 4720 1511 4782 dextro

304 4830 362 4900 iano
381 4844 489 4923 portae
514 4836 725 4903 Carmentalis
749 4838 811 4917 est,
839 4831 906 4897 noli
935 4830 1099 4915 perhanc
1122 4828 1206 4891 viam
1230 4826 1290 4890 ire:
1318 4847 1393 4889 nam
1418 4845 1509 4888 omen

305 4936 390 5008 habet
435 4944 497 5011 llla
524 4946 609 5010 enim
638 4944 691 5007 via
719 4942 805 5006 lama
835 4940 934 5003 refert
966 4932 1164 5019 trecentos*)
1192 4932 1309 4997 Fabios
1339 4932 1511 5016 profectos,

377 5140 436 5208 *36)
454 5147 584 5196 treceiuos
601 5136 766 5201 nuncdicit
783 5133 911 5187 universe
931 5147 1000 5199 quos
1021 5145 1106 5196 supra
1124 5126 1283 5179 accuratius
1299 5129 1455 5178 tercentum
1472 5127 1511 5173 ter

307 5222 363 5279 Μ
377 5229 531 5297 appellavit.
564 5226 606 5283 Cf.
620 5226 662 5281 Ex
675 5225 767 5279 Ponto
781 5243 790 5276 1
805 5228 861 5286 Μ

495 5321 551 5391 Qui
568 5318 647 5374 nasci
664 5324 697 5371 ut
711 5329 816 5384 poma,
833 5311 958 5381 qumvis
975 5309 1090 5362 cecidere
1107 5306 1230 5366 trecenti,

529 5410 596 5464 Non
615 5422 707 5461 omnes
724 5404 830 5458 Fabios
847 5400 960 5455 abstulit
979 5414 1038 5450 usic
1056 5396 1122 5449 dics
1283 5478 1295 5506 u

1262 5483 1276 5530 'l
