3925 6675
499 1167 549 1218 DE
567 1167 744 1219 VERSIBUS
763 1167 974 1218 NONNULLIS
992 1167 1140 1218 PACUVII
1158 1167 1311 1220 TRAGICI.
1458 1167 1524 1231 483

281 1327 419 1412 Nempe
451 1329 514 1393 sibi
546 1332 747 1413 persuaserat
778 1328 878 1392 verba
911 1334 966 1392 out
993 1329 1076 1410 quod
1095 1330 1311 1409 primordium
1338 1352 1403 1394 non
1431 1352 1524 1414 posse

280 1437 355 1501 nisi
378 1438 557 1501 extremum
581 1456 692 1499 versus
716 1435 845 1500 iambici
868 1433 975 1500 locum
1000 1435 1159 1499 obtinere:
1182 1435 1269 1518 quod
1292 1439 1328 1499 ut
1346 1436 1525 1502 efficeretur

285 1543 382 1607 omni
406 1563 466 1626 ope
490 1541 657 1606 nitendum
681 1547 770 1606 ratus
793 1542 844 1606 bis
868 1542 955 1626 quod
977 1542 1068 1626 prius
1092 1546 1160 1606 erat
1183 1543 1343 1626 posterius
1366 1543 1456 1626 fecit,
1487 1543 1525 1607 de

285 1649 438 1715 oratione
461 1669 592 1713 securus
615 1648 712 1712 modo
735 1651 878 1713 numeris
903 1649 1080 1713 satisfieret.
1113 1648 1186 1713 Hoc
1209 1650 1351 1714 instituit
1375 1654 1407 1713 et
1430 1649 1526 1714 simul

285 1757 427 1820 alteram
447 1755 667 1820 condicionem
688 1757 871 1840 proposuit3
891 1755 1044 1840 quoniam
1060 1755 1145 1818 enim
1160 1755 1257 1820 verba
1270 1778 1365 1839 quom
1382 1757 1525 1821 insistam

285 1865 379 1927 cium
405 1883 472 1926 non
499 1863 606 1926 minus
628 1863 766 1945 probum
790 1865 911 1927 exitum
935 1884 1046 1927 versus
1069 1862 1225 1947 praebent
1248 1885 1344 1947 quom
1368 1869 1424 1927 cot
1445 1864 1528 1945 quod

279 1969 512 2051 primordi-um,
536 1968 632 2033 licere
655 1972 721 2032 tres
743 1991 855 2033 versus
879 1969 1059 2034 describere
1082 1969 1122 2032 cd
1146 1969 1233 2033 hunc
1255 1971 1384 2034 modum

670 2075 775 2140 dubito
797 2097 892 2157 quom
915 2078 1062 2142 irreistom
1085 2078 1171 2140 cium

512 2216 547 2236 υ
566 2219 601 2228 -
621 2215 655 2235 υ
674 2220 709 2228 -
728 2216 761 2235 υ
781 2189 886 2247 —out
908 2184 992 2265 quod
1008 2184 1223 2265 primordium

511 2288 677 2371 Cupissem
701 2291 746 2354 ud
766 2291 894 2372 stirpem
917 2291 1141 2371 exquirendum
1541 2323 1567 2362 10

288 2418 367 2462 cum
390 2397 490 2461 trium
513 2395 631 2480 pedum
655 2396 780 2461 iectura
803 2396 838 2459 in
861 2396 1010 2461 secundo.
1050 2395 1120 2473 Qua
1146 2421 1180 2461 re
1209 2397 1270 2461 etsi
1298 2396 1394 2460 verbo
1422 2397 1527 2462 dubito

287 2524 387 2586 mmm
412 2505 433 2567 i.
450 2525 478 2567 o.
502 2503 625 2567 intacto
648 2505 794 2586 manent,
825 2506 932 2567 tamen
957 2524 1104 2568 veremur
1125 2525 1165 2567 ne
1188 2503 1251 2567 hoc
1274 2503 1317 2568 sit
1339 2503 1442 2568 πλέον
1464 2504 1527 2568 θά-

287 2632 389 2693 τερον
411 2609 526 2675 fecere.
564 2609 648 2687 Quid
671 2609 779 2674 enim?
802 2613 867 2673 tres
890 2609 988 2692 pedes
1011 2611 1144 2693 periisse
1162 2613 1310 2675 volumus
1329 2610 1385 2674 ubi
1405 2611 1438 2674 in
1457 2633 1527 2676 ora-

288 2717 380 2782 tione
414 2716 497 2781 nihil
530 2717 742 2798 desideretur,
775 2716 874 2780 immo
907 2738 947 2779 ne
980 2716 1117 2780 inveniri
1148 2717 1277 2800 quidem
1305 2721 1413 2800 potest
1441 2717 1528 2801 quod

289 2823 430 2888 addatur
461 2823 512 2888 his
544 2823 692 2908 pertibus
721 2823 898 2887 sententiae
926 2823 1039 2888 intime
1068 2824 1240 2889 connexis?
1286 2823 1450 2888 Verumne
1479 2828 1528 2888 est

290 2930 380 3014 quod
409 2930 549 2996 dicimus
571 2929 632 2995 hos
656 2931 786 2994 criticos
809 2933 912 2994 metra
934 2934 1061 2994 tantum
1085 2951 1204 3013 curere,
1234 2930 1332 2994 verbo
1355 2929 1450 2994 nihili
1472 2929 1528 2994 he·

292 3036 391 3101 bere?
429 3035 498 3102 Nos
522 3038 569 3102 ita
592 3058 757 3102 censemus
780 3037 832 3100 vel
855 3038 918 3101 hoc
941 3059 1006 3101 uno
1031 3037 1186 3120 exemplo
1211 3036 1298 3120 quod
1322 3059 1355 3101 se
1376 3036 1527 3120 temptari

291 3165 360 3208 non
387 3145 519 3228 petitur,
547 3145 626 3208 setis
654 3144 780 3209 edoceri
803 3149 932 3228 poetam
955 3144 1015 3208 hos
1039 3165 1190 3207 numeros
1213 3150 1269 3208 cut
1291 3144 1374 3226 quid
1389 3145 1528 3225 primor-

294 3250 384 3315 dium
407 3272 447 3314 ne
470 3272 489 3314 e
508 3251 669 3337 principio
689 3250 817 3336 quidem
839 3272 950 3314 versus
969 3249 1083 3334 procul
1101 3249 1261 3314 habuisse.
1300 3249 1370 3327 Quo
1390 3250 1527 3336 probato

294 3378 354 3440 pro
373 3358 530 3422 trimetris
548 3358 680 3423 licentio
697 3357 870 3423 Ribbeckii
890 3357 1066 3441 procreatis
1085 3357 1174 3422 nullo
1194 3360 1325 3444 negotio
1345 3357 1527 3423 octonarios
1542 3391 1568 3429 20

297 3464 522 3548 nanciscimur,
551 3487 632 3549 quoe
655 3463 756 3530 Nonii
784 3465 923 3529 editores
953 3462 1147 3540 Quicherato
1175 3465 1321 3549 principe
1351 3464 1528 3545 ediderunt,

301 3571 456 3656 integrum
482 3594 583 3636 unum
608 3575 640 3636 et
663 3572 867 3636 dimidiatum
892 3570 1029 3635 alterum

892 3678 999 3742 dubito
1022 3698 1118 3759 quum
1141 3679 1286 3743 insistam
1309 3681 1395 3743 cium

428 3787 497 3851 Aur
505 3786 589 3868 qood
595 3787 810 3868 primordium
820 3787 976 3866 rupissem
988 3785 1032 3849 od
1040 3786 1167 3867 stirpem
1177 3787 1400 3866 expui-rendum
1410 3784 1528 3871 υ-*).

386 3892 509 3958 Eodem
533 3914 628 3958 sensu
653 3892 768 3959 ductus
787 3891 985 3956 Ribbeokius
1009 3892 1043 3955 in
1061 3891 1217 3956 Periboea
1239 3909 1313 3955 xvn
1338 3891 1432 3978 (296)
1457 3914 1528 3956 oum

312 3994 458 4084 plerisque
481 4001 597 4064 maluit
621 3999 701 4064 duos
725 4000 888 4063 trimetros
913 3999 1108 4063 constituere

767 4127 875 4187 precor
896 4108 1022 4170 venium
1038 4111 1154 4187 peteme,

437 4214 491 4281 Uti
512 4234 591 4295 quoe
614 4212 694 4297 [epo]
718 4214 768 4295 epi
791 4233 848 4295 opo
872 4215 960 4277 crim
982 4217 1164 4277 oermrncent
1186 4213 1265 4291 berre,

282 4301 396 4392 ⁷qunm
418 4320 505 4405 quod
527 4319 563 4385 L.
577 4318 734 4385 Muellero
757 4320 880 4404 placuit
904 4320 1013 4383 omnia
1035 4342 1100 4384 uno
1124 4318 1288 4383 octonario
1313 4319 1482 4403 complecti

430 4427 547 4492 Preoo'r
568 4429 693 4492 reniam
710 4432 819 4507 potens
836 4432 871 4491 ut
893 4448 971 4508 ptrue
995 4428 1043 4509 epi
1066 4447 1123 4509 apo
1144 4426 1232 4490 urim
1250 4432 1431 4490 nemimem
1448 4426 1527 4491 berre.
1543 4455 1569 4495 oo

290 4514 360 4590 Sed
384 4531 510 4599 Nonius
534 4556 606 4599 cum
630 4534 681 4598 bis
705 4533 820 4618 tradet,
844 4557 873 4618 p.
891 4533 964 4615 185,
985 4534 1027 4597 26

429 4639 623 4706 ‘remmoent
635 4642 673 4704 id
685 4646 728 4705 cst
742 4646 869 4705 vertum.
891 4640 1007 4705 Accius
1021 4690 1045 4704 ..
1057 4640 1235 4706 ‚Pacui-ius
1241 4640 1391 4705 Periboea
1403 4640 1531 4721 ‘precor

429 4750 554 4813 venium
567 4754 683 4830 peteo,
702 4753 737 4811 ut
754 4769 833 4828 pirae
851 4749 899 4829 epi
917 4768 976 4829 opo
990 4749 1079 4812 arim
1094 4745 1204 4834 (erim)
1218 4753 1400 4811 verruncent
1413 4748 1530 4831 bene”‚'

261 4845 511 4882 ’X‘-

388 4959 450 5028 ⁸24)
469 4976 556 5013 rreum
575 4958 689 5012 eddidit
707 4957 902 5025 Quicheretus,
921 4975 977 5013 non
997 4958 1092 5027 inepte
1111 4956 1140 5011 in
1160 4975 1189 5012 re
1209 4959 1329 5025 incerta3
1348 4976 1413 5011 nem
1432 4958 1466 5011 de
1486 4975 1529 5010 cr-

244 5027 431 5148 {umento
449 5047 565 5103 subulae
583 5048 679 5101 omnia
698 5048 817 5102 obscure
835 5063 896 5102 esse
915 5047 1129 5113 fatendumst,
1148 5048 1204 5101 nisi
1218 5048 1281 5115 quis
1296 5047 1376 5101 vonis
1392 5045 1530 5113 opinioni-

269 5118 330 5169 ¹¹⁸
378 5136 460 5192 ruem
487 5136 607 5192 habeut
630 5136 732 5205 quibus
756 5136 1002 5192 nutrierimus
1025 5137 1055 5190 in
1078 5136 1150 5190 noro
1175 5137 1210 5190 oe
1233 5135 1380 5206 tragoedia
1403 5135 1531 5188 mmet

244 5199 291 5292 ρ’,
312 5212 394 5280 810
408 5244 467 5296 sqq.
491 5228 542 5280 eut
559 5225 646 5280 Nonii
669 5226 762 5279 editor
779 5225 931 5281 Muellerus
959 5226 994 5278 ad
1014 5225 1138 5279 Nonium
1160 5244 1187 5294 p.
1203 5230 1237 5278 85
1260 5224 1344 5277 huius
1367 5223 1531 5293 tragoediae

245 5275 404 5431 ἔξω
430 5315 646 5384 descripserunt.
679 5315 818 5387 [insistam
847 5316 920 5369 ciam
947 5322 1007 5369 cut
1032 5316 1109 5385 Quod
1127 5315 1313 5384 primordium
1340 5311 1531 5382 Plasbergius,

318 5401 377 5457 ¹11
394 5402 562 5460 Skutschius
580 5407 642 5475 (per
660 5404 727 5475 litt.)
745 5421 790 5458 me
809 5421 865 5457 non
884 5403 1083 5475 adsentiente]

1316 5489 1369 5541 31⁸
