3925 6675
422 1107 488 1172 366
663 1112 709 1162 LI.
728 1110 845 1162 INDEX
861 1109 1076 1164 LEOHONUM
1095 1110 1327 1162 AESTIVARUM
1347 1111 1424 1161 1900.

422 1293 557 1355 remque
590 1271 664 1335 inde
696 1271 793 1335 telam
826 1270 882 1336 sed
909 1272 1058 1357 exiguam
1086 1275 1240 1335 texemus
1278 1269 1362 1336 Nem
1392 1271 1507 1354 critici,
1540 1269 1595 1354 qui
1626 1269 1654 1335 si
1809 1251 1810 1336 i

422 1378 550 1462 quando
573 1377 651 1462 quid
672 1377 779 1441 laxius
802 1399 898 1462 quem
921 1377 1084 1443 astrictius
1108 1377 1227 1443 elatum
1251 1382 1300 1443 est
1321 1378 1427 1443 labem
1449 1376 1604 1444 olfaciunt
1622 1379 1655 1440 et

422 1484 579 1568 quidquid
601 1484 689 1548 ultre
711 1488 880 1570 angustam
901 1485 1125 1549 necessitatem
1145 1484 1230 1549 trahi
1249 1484 1376 1550 videtur
1395 1483 1493 1550 recidi
1512 1483 1656 1568 cupiunt,

421 1613 488 1656 non
509 1591 644 1673 frustra,
671 1595 838 1675 putamus,
861 1591 1027 1656 attendent
1052 1613 1133 1675 quse
1156 1590 1303 1656 Socrates
1327 1591 1406 1658 dicit
1429 1593 1572 1678 δημοσίᾳ
1595 1591 1656 1674 τὴν

423 1707 549 1763 σαυτοῦ
567 1700 666 1762 πόλιν
686 1699 798 1775 ἱκανὸς
816 1698 1003 1782 εὐεργετεῖν
1021 1699 1131 1784 ὥσπερ
1150 1701 1211 1783 χρὴ
1230 1699 1290 1764 τὸν
1303 1697 1465 1780 μέλλοντα
1479 1700 1527 1782 μὴ
1541 1719 1656 1762 κατα-

423 1808 700 1888 φρονήσεσθαι
728 1802 812 1870 ἀλλ’
837 1804 1117 1888 εὐδοκιμήσειν
1140 1803 1177 1870 ἐν
1200 1816 1269 1882 τοῖς
1291 1811 1427 1882 πολλοῖς
1450 1809 1483 1868 et
1506 1825 1588 1888 quse
1606 1801 1655 1866 illi

421 1909 560 1996 Hippias
588 1913 761 1996 respondet
788 1911 870 1978 ἄλλο
898 1935 935 1994 γε
962 1910 983 1993 ἢ
1012 1911 1203 1976 ἀδύνατοι
1230 1907 1315 1994 ἦσαν
1343 1909 1406 1976 καὶ
1430 1911 1500 1994 οὐχ
1525 1908 1655 1975 λκανοὶ

423 2018 626 2095 ἐξικνεῖσθαι
649 2017 699 2083 ἐπ’
727 2018 904 2103 ἀμφότερα.
942 2017 1031 2095 Quae
1054 2023 1129 2082 sunt
1151 2040 1268 2104 genere
1292 2019 1355 2084 duo
1375 2017 1568 2084 abundantis
1587 2039 1656 2082 ors-

422 2127 521 2190 tionis
548 2128 634 2191 inter
657 2147 691 2190 se
714 2125 839 2190 similis.
877 2123 1020 2202 Quorum
1044 2124 1139 2208 illud,
1168 2147 1361 2210 quemquem
1384 2147 1449 2190 non
1473 2125 1656 2190 inconsulto

383 2255 409 2296 ιο
422 2233 599 2316 afferimus,
624 2255 711 2298 nunc
733 2232 841 2296 dedite
864 2255 961 2317 opere
982 2233 1132 2318 persequi
1156 2234 1320 2316 nolumus,
1343 2234 1479 2298 alterum
1501 2230 1656 2296 hebemus

423 2361 487 2423 quo
511 2339 669 2404 declnrsre
692 2341 795 2404 liceat.
832 2338 962 2404 Etenim
986 2339 1064 2404 hsec
1088 2344 1137 2405 est
1159 2342 1242 2405 ratio
1266 2339 1393 2404 dicendi
1414 2339 1547 2424 plurimi
1569 2351 1713 2421 usus,1o

422 2447 513 2510 cuius
543 2447 691 2531 exempla
717 2446 819 2510 multe
845 2451 879 2511 et
906 2446 1047 2532 insignis
1074 2451 1139 2511 tam
1169 2444 1289 2512 Graeca
1317 2469 1414 2530 quem
1441 2445 1658 2510 Romanensis

421 2551 627 2617 Immsnuelis
646 2553 786 2618 Bekkeri
805 2552 940 2619 schedae
958 2552 1148 2618 Homericae
1167 2551 1303 2640 (11222)
1321 2556 1501 2638 recensent;
1519 2573 1621 2637 penos
1639 2574 1657 2615 e

421 2657 609 2743 Thmydide
623 2659 823 2745 deprompsit
835 2659 1016 2725 Meinekius
1034 2659 1157 2746 (Herm.
1177 2677 1216 2724 111
1236 2657 1330 2747 348);
1343 2681 1403 2724 nos
1418 2681 1546 2744 quoque
1561 2679 1657 2742 quse-

421 2766 494 2830 dsm
518 2766 559 2830 ad
577 2765 763 2832 Aristotelis
782 2766 945 2832 Poeticsm
964 2766 1010 2854 (p.
1027 2765 1083 2852 88)
1103 2767 1344 2852 adscripsimus3
1370 2766 1461 2832 onius
1481 2788 1562 2850 quse
1582 2768 1658 2830 sunt

582 2872 700 2959 ἑτέροις
723 2874 778 2939 καὶ
801 2875 846 2958 μὴ
868 2877 928 2940 τὸν
951 2873 1054 2939 αὐτὸν
1077 2877 1202 2958 τρόπον

584 2982 628 3058 ὡς
650 2981 711 3045 τὸν
734 2980 838 3046 αὐτὸν
861 2979 916 3046 καὶ
939 2983 984 3065 μὴ
1007 2982 1254 3064 μεταβάλλοντα

582 3089 689 3164 άλλως
713 3088 927 3153 διατίθεσθαι
950 3085 1005 3152 καὶ
1029 3089 1073 3172 μὴ
1096 3089 1156 3153 τὸν
1178 3089 1282 3152 αὐτὸν
1304 3084 1394 3171 ἔχειν
1417 3089 1542 3170 τρόπον

421 3194 477 3277 qui
500 3195 635 3279 propius
659 3195 866 3278 perspexerit,
888 3194 1050 3280 intelliget
1072 3217 1139 3260 non
1162 3195 1216 3280 egi
1239 3193 1278 3258 de
1301 3195 1408 3258 nescio
1428 3215 1492 3278 que
1508 3192 1657 3258 ubertate

381 3323 408 3365 ιο
420 3300 549 3386 poetice
568 3299 624 3365 sed
642 3300 681 3366 de
700 3301 826 3387 vulgari
844 3323 932 3366 more
950 3300 1116 3387 loquendi3
1135 3305 1173 3366 ut
1191 3322 1286 3388 segre
1304 3300 1376 3367 sliis
1390 3300 1576 3385 persuasuri
1591 3299 1657 3364 sint

422 3406 562 3472 Oobetus
569 3406 830 3492 Hertmenusque
840 3406 949 3495 (pcc)
963 3409 998 3472 in
1007 3408 1178 3494 Symposio
1189 3409 1233 3495 (p.
1243 3407 1334 3495 19,5)
1350 3410 1378 3473 εἰ
1394 3409 1456 3493 γάρ
1471 3432 1520 3485 τις
1535 3408 1656 3491 ἐραστῇ

421 3514 465 3591 ὡς
478 3518 623 3601 πλουσίῳ
642 3515 790 3579 πλούτου
808 3513 904 3579 ἕνεκα
922 3516 1142 3599 χαρισάμενος
1161 3514 1380 3599 ἐξαπατηθείη
1399 3515 1462 3581 καλ
1476 3516 1526 3599 μὴ
1540 3514 1656 3597 λάβοι

421 3621 597 3704 χρήματα
620 3618 849 3701 ἀναφανέντος
871 3631 931 3687 τοῦ
956 3622 1097 3706 ἐραστοῦ
1118 3622 1259 3706 πένητος
1278 3620 1379 3688 οὐδὲν
1397 3618 1497 3707 ἧττον
1516 3624 1655 3705 αἰσχρόν

421 3725 519 3791 verbe
540 3723 595 3789 καὶ
618 3727 662 3810 μὴ
687 3728 784 3810 λάβοι
807 3731 955 3813 χρήματα
976 3734 1014 3795 ut
1037 3730 1141 3795 eliens
1163 3734 1356 3795 resecantes:
1384 3750 1465 3813 quse
1489 3750 1564 3793 vere
1586 3748 1656 3793 esse

421 3854 481 3898 nec
503 3832 693 3918 scriptorem
717 3833 881 3919 dedecere,
906 3836 958 3901 vel
980 3836 1060 3902 haec
1083 3836 1120 3902 de
1144 3837 1257 3903 eodem
1281 3834 1454 3922 Symposio
1479 3832 1523 3921 (p.
1541 3834 1599 3917 40,
1618 3831 1654 3920 8)

420 3942 458 4005 τὸ
486 3936 598 4017 ἐνδεὲς
625 3942 768 4019 κάλλους
793 3941 848 4008 καὶ
876 3944 1010 4028 μηδαμῇ
1038 3942 1238 4027 κεκτημένον
1266 3944 1387 4019 κάλλος
1410 3946 1443 4007 et
1466 3964 1547 4027 ques
1570 3962 1654 4007 com·

420 4048 511 4132 peris
532 4048 742 4133 praecedunt,
770 4051 823 4114 vel
845 4050 902 4115 ills
924 4051 963 4115 de
987 4050 1173 4134 Thucydide
1197 4049 1299 4134 1113,
1321 4050 1337 4113 1
1362 4050 1406 4133 μὴ
1430 4052 1509 4125 τοὺς
1531 4048 1655 4133 ἀγροὺς

420 4155 526 4220 αὑτοῦ
544 4159 712 4241 παραλίπη
732 4154 795 4221 καὶ
815 4159 863 4241 μη
883 4158 1012 4243 δηώση
1033 4158 1111 4221 sctis
1129 4156 1267 4243 probare
1286 4160 1396 4241 putes3
1420 4156 1538 4241 quibus
1557 4154 1654 4221 sddss

420 4263 455 4325 in
485 4262 617 4327 eandem
649 4262 785 4328 formem
817 4262 897 4328 hsce
929 4285 968 4327 ex
996 4262 1118 4348 Hippia
1150 4265 1273 4329 minore
1307 4262 1351 4347 (p.
1375 4263 1433 4345 47,
1457 4261 1492 4349 9)
1520 4266 1563 4328 σὺ
1592 4257 1655 4327 οὖν

381 4391 407 4431 so
421 4369 553 4452 χάρισαι
581 4366 644 4433 καὶ
672 4370 721 4452 μὴ
749 4373 956 4454 φθονήσῃς
985 4372 1145 4435 ἰάσασθαι
1172 4372 1234 4454 τὴν
1257 4373 1368 4454 ψυχήν
1390 4394 1464 4454 μου.
1502 4368 1565 4435 Sed
1589 4390 1655 4454 quo

421 4474 525 4559 magis
547 4475 717 4539 fundemus
740 4474 774 4540 id
798 4477 884 4559 quod
908 4476 1162 4542 demonstratum
1188 4476 1284 4561 imus,
1310 4498 1396 4542 nunc
1419 4498 1548 4560 qnoque
1571 4498 1656 4543 nors

422 4579 576 4663 quaedem
599 4581 668 4646 eius
691 4584 819 4668 generis
842 4583 988 4667 exemplu
1011 4586 1229 4669 proponimus.

581 4686 680 4769 μένος
703 4687 794 4755 ἐστὶν
816 4688 992 4774 ἀάσχετον,
1016 4690 1077 4755 οὐκ
1101 4688 1266 4757 ἐπιεικτόν
1289 4690 1365 4756 Ilias

582 4793 700 4860 αὐτίκα
714 4796 735 4860 d
743 4794 759 4881 ',
774 4795 909 4881 adpetet
924 4797 1029 4882 δηρὸν
1044 4794 1094 4863 ἐνὶ
1108 4796 1242 4881 μέσσοις
1257 4797 1440 4881 ἀγόρευσεν
1459 4795 1654 4883 Apollonius

582 4900 661 4967 νέου
682 4925 720 4985 γε
743 4900 815 4985 μέν,
838 4900 911 4969 οὐδ’
938 4902 1108 4987 ἀποτηλοῦ
1131 4902 1217 4969 idem

581 5008 641 5091 ἥδε
664 5010 728 5093 γάρ
751 5010 840 5093 ψυχὴ
863 5010 951 5094 πάρα
970 5007 1113 5075 Ἑκοῦσα
1137 5010 1220 5077 κούκ
1245 5012 1372 5076 ἄκουσα
1399 5010 1476 5075 Eur.
1493 5009 1653 5077 Hersclid.

635 5114 715 5200 530,
739 5116 778 5181 cf.
798 5112 901 5182 Orest.
920 5116 986 5181 613

580 5222 664 5306 αὐτὴ
687 5219 717 5287 d'
745 5223 846 5299 άπαις
868 5214 889 5309 ᾖ
910 5222 966 5289 καὶ
991 5222 1182 5309 λελειμμένη
1206 5222 1331 5289 τέκνων
1354 5222 1422 5289 Ion
1442 5223 1508 5289 680

581 5328 632 5394 ὅτι
656 5319 727 5405 ολος
746 5330 1029 5416 παρρησιάζεσθαι
1052 5328 1105 5394 καὶ
1130 5330 1173 5413 μὴ
1197 5331 1418 5415 αἰσχύνεσθαι
1441 5328 1535 5395 Plato
1554 5328 1652 5417 Gorg.
