3925 6675
492 1102 791 1155 onsnssvfflouns
810 1103 977 1156 CRITICAE
996 1106 1035 1155 IN
1055 1106 1256 1158 SOPHOOLIS
1274 1106 1478 1158 Ennomon.
1536 1103 1599 1168 171

316 1267 347 1325 14
360 1262 531 1348 probatur,
555 1264 642 1349 quod
664 1265 824 1343 volumus,
847 1287 942 1350 posse
965 1267 1063 1332 etiam
1087 1272 1247 1332 extremae
1270 1267 1385 1332 aetatis
1410 1267 1601 1351 scriptorem

360 1391 610 1454 nonnumquam
633 1371 756 1456 aliquid
776 1373 928 1437 utilitatis
946 1373 1060 1438 efferre
1079 1373 1120 1437 ad
1138 1375 1318 1458 priscorum
1337 1378 1505 1458 poetarum
1525 1375 1601 1439 scri-

359 1481 538 1562 ptorumve
561 1479 740 1544 orationem
763 1478 989 1546 declarandam
1012 1502 1050 1544 ao
1073 1479 1306 1545 stabiliendam.

454 1585 486 1650 6.
518 1583 628 1650 Unum
656 1585 752 1650 etiarn
779 1586 987 1669 versiculum,
1014 1589 1112 1652 immo
1141 1609 1237 1652 unam
1261 1608 1386 1670 vocem,
1413 1587 1601 1672 priusquam

361 1693 461 1756 linem
483 1691 671 1776 disputandi
689 1692 855 1776 faciemus,
878 1694 1059 1758 accuratius
1079 1692 1337 1778 disceptabimus.
1379 1691 1419 1758 In
1437 1691 1603 1781 Antigona

362 1803 484 1882 eustos,
512 1820 586 1864 cum
609 1822 628 1863 a
650 1820 685 1864 se
708 1801 838 1884 suisque
862 1799 1033 1866 comitibus
1057 1800 1287 1885 deprehensam
1310 1822 1379 1866 esse
1402 1799 1602 1888 Antigonam

360 1904 531 1989 Polynicis
564 1928 680 1991 corpus
707 1906 829 1973 nudum
857 1906 1019 1971 abiectum
1047 1908 1180 1992 pulvere
1211 1909 1415 1992 obtegentem
1445 1907 1602 1993 perhibet,

359 2013 408 2078 sie
433 2013 474 2076 de
497 2036 532 2078 re
555 2017 647 2100 gesta
669 2035 800 2078 narrare
823 2013 947 2098 incipit.

467 2119 533 2184 407
581 2129 735 2186 τοιοῦτον
758 2116 801 2204 ἦν
824 2121 861 2185 τὸ
885 2120 1019 2205 πρᾶγμ’.
1048 2121 1137 2198 ὅπως
1160 2123 1223 2205 γὰρ
1246 2122 1371 2204 ἥκομεν
1377 2172 1386 2206 ,

580 2229 663 2310 πρὸς
685 2236 748 2293 σοῦ
771 2229 811 2292 τὰ
834 2225 915 2303 δείν’
943 2225 1048 2294 ἐκεῖν’
1070 2226 1338 2313 ἐπηπειλημένοι,

581 2343 691 2399 πᾶσαν
713 2337 808 2400 κόνιν
832 2336 992 2420 σήραντες
1013 2335 1033 2419 ἣ
1058 2346 1185 2419 κατεῖχε
1208 2336 1269 2400 τὸν

467 2441 536 2505 410
582 2439 695 2525 νέκυν,
718 2443 835 2526 μυδῶν
859 2465 894 2506 τε
918 2453 1012 2526 σῶμα
1035 2443 1271 2527 γυμνώσαντες
1293 2437 1347 2525 εὖ,

580 2546 749 2633 καθήμεθ’
775 2550 887 2631 ἄκρων
910 2545 946 2613 ἐκ
969 2549 1086 2632 πάγων
1108 2549 1287 2633 ὑπήνεμοι,

580 2655 687 2740 ὀσμήν
710 2652 764 2720 ἀπ’
792 2655 896 2720 αὐτοῦ
920 2657 963 2739 μή
988 2654 1084 2739 βάλοι
1109 2659 1325 2741 πεφευγότες,

359 2852 391 2905 al
416 2849 542 2919 ίμαντδν
565 2847 602 2902 διν
624 2857 737 2915 πρῶτον
760 2846 875 2904 πείθειν
896 2849 945 2902 καί
963 2851 1151 2917 παρακαλεῖν,
1175 2848 1204 2904 εί
1219 2868 1267 2918 μοι
1284 2848 1319 2902 τὰ
1337 2859 1388 2904 τοῦ
1407 2851 1531 2918 σώματος
1549 2851 1604 2903 καλ

359 2940 397 2994 τὰ
419 2946 470 3007 τῆς
495 2935 604 3004 ἡλικίας
626 2936 778 3008 ἐπεδέχετο.
807 2936 878 2992 ἀλλὰ
899 2937 952 3006 γὰρ
976 2938 1138 3008 (ἀγαπᾶν)
1156 2937 1266 3008 ἀνάγκη
1290 2938 1389 2992 διὰτὸ
1408 2942 1597 3002 κακοπαθεῖν,

361 3029 391 3084 εί
398 3028 458 3082 uod
471 3047 500 3082 τι
513 3027 698 3097 δυνησόμεθα
713 3026 847 3092 εὑρέσθαι
860 3025 939 3093 παρὰ
952 3036 1009 3081 τῶν
1022 3030 1150 3080 παλαιῶν
1164 3028 1278 3093 ἀνδρῶν
1288 3025 1379 3095 ὥσπερ
1390 3026 1597 3095 ἀπερριμμένον

363 3117 419 3186 ἤδη
442 3118 493 3170 καί
516 3115 603 3172 fotor
625 3114 729 3185 σοφίας
750 3114 888 3185 λείψανον
911 3115 987 3185 χήτει
1010 3124 1066 3171 τῶν
1084 3116 1252 3183 κρειττόνων
1270 3135 1299 3171 τε
1322 3117 1371 3171 καί
1389 3118 1499 3181 ζώντων
1519 3118 1599 3170 διδα-

362 3206 483 3261 σκάλων.
516 3205 686 3260 Δδάἰόίιαοε
709 3208 839 3276 ἀγαπᾶν,
862 3207 938 3275 qnod
962 3208 992 3259 et
1015 3205 1156 3260 sententia
1178 3206 1290 3259 videtur
1308 3205 1431 3276 flagitari
1450 3207 1557 3279 (ἀγαπᾷ
1576 3204 1607 3259 εί

362 3316 403 3366 πη
422 3295 508 3358 αὐτὸς
526 3294 656 3363 καθαρὸς
669 3291 784 3359 ἀδικίας
799 3339 804 3349 .
821 3339 827 3350 .
843 3295 972 3365 βιώσεται
987 3293 1079 3358 Plato)
1095 3296 1123 3349 et
1138 3309 1170 3349 eo
1185 3293 1246 3350 loco
1261 3293 1310 3348 ubi
1325 3293 1523 3349 collocavimus
1537 3311 1600 3365 per-

363 3384 449 3439 facile
480 3386 596 3455 propter
626 3384 856 3455 praecedentium
884 3386 913 3439 et
939 3384 1149 3453 insequentium
1180 3384 1353 3453 syllabarum
1381 3383 1599 3437 similitudinem

364 3474 473 3545 negligi
496 3475 606 3528 incuria
628 3473 729 3543 potnit.
764 3471 844 3538 Quod
864 3474 889 3528 si
907 3473 970 3542 quis
989 3472 1123 3527 maluerit
1141 3470 1201 3526 ἀλλ’
1223 3474 1337 3543 ἀγαπᾶν
1356 3473 1479 3541 ἀνάγκη,
1503 3488 1600 3541 quam-

364 3582 450 3633 quam
477 3564 592 3633 propius
615 3563 703 3617 etiam
726 3562 764 3616 ad
786 3563 921 3617 traditam
945 3561 1113 3631 scripturam
1137 3562 1259 3629 accedit,
1288 3562 1524 3617 reminiscendum
1548 3564 1599 3629 eet,

367 3652 484 3709 Dionem
497 3668 582 3721 saepe
594 3668 699 3722 ponere
712 3652 782 3706 ἀλλὰ
796 3651 859 3722 γάρ,
873 3652 949 3721 quod
964 3669 1000 3707 ne
1011 3652 1047 3705 ab
1057 3652 1112 3706 hac
1121 3651 1234 3720 quidem
1246 3651 1387 3706 sententie
1397 3651 1520 3705 alienum
1530 3657 1599 3707 erat.

454 3746 501 3808 83,
516 3747 550 3795 ⁶6
573 3740 694 3809 πότερον
712 3737 764 3795 οὖν
782 3740 984 3811 ἀσπαζομένων
1002 3740 1136 3809 ἀλλήλους
1156 3738 1172 3809 ἦ
1191 3742 1353 3796 καλούντων
1372 3738 1388 3809 ἢ
1408 3745 1600 3810 φιλοφρονου-

370 3830 469 3899 pelvem
491 3832 697 3902 (vipereus),
715 3827 776 3884 ἀλλ’
803 3829 894 3897 ὥσπερ
921 3829 1050 3901 ὑμέναιος
1072 3829 1147 3886 ἴδιόν
1170 3850 1196 3884 τι
1220 3830 1300 3898 μέλος
1324 3830 1398 3885 ἐστίν
1417 3832 1536 3901 ἀρχαῖον
1555 3831 1601 3886 ἐπὶ

370 3928 423 3973 sets
440 3921 612 3990 γαμοόντων,
631 3918 719 3982 οὕτως
737 3919 836 3983 καινός
850 3916 932 3983 οὗτος
945 3918 1060 3989 εὓρηται
1076 3916 1186 3988 (indrede
1200 3918 1283 3988 ἀλλης
1296 3919 1373 3981 τινδς
1388 3919 1491 3988 ἑορτῆς.
1519 3920 1600 3973 Arni-

372 4008 440 4062 nim
460 4008 600 4064 intellexit
622 4012 689 4063 ante
707 4008 778 4063 ἀλλά
796 4008 825 4061 in
844 4008 1039 4077 respondendo
1059 4008 1168 4076 aliquid
1188 4008 1356 4072 desiderari,
1380 4008 1493 4061 eddidit
1512 4010 1599 4063 oddu-

374 4106 432 4164 μός.
456 4097 530 4153 Illud
543 4098 620 4166 quod
633 4098 779 4166 posuimus
793 4101 823 4151 et
836 4097 975 4152 facilitate
990 4098 1210 4163 commendatur,
1225 4096 1419 4166 praecedentis
1435 4096 1509 4149 enim
1521 4096 1597 4150 vocis

376 4185 482 4254 syllabis
500 4187 632 4241 extremis
650 4186 803 4256 geminatis
821 4186 953 4241 effectum
972 4190 1023 4250 est,
1043 4189 1072 4241 et
1090 4204 1142 4240 usn
1157 4186 1264 4250 Dionis,
1284 4185 1333 4253 qui
1352 4184 1483 4239 similiter
1502 4185 1600 4239 scribit

379 4276 551 4342 ³1‚71;ibid
568 4280 620 4330 128
638 4276 710 4330 haec
723 4264 811 4331 habet
824 4274 852 4330 τί
865 4273 930 4342 cisa
946 4273 1008 4330 ἔσθ’
1028 4272 1102 4337 ὅπως
1115 4274 1306 4343 παρεδέξαντο
1322 4275 1370 4329 τὸν
1386 4272 1486 4343 νόμους
1502 4276 1599 4344 otper-

380 4371 432 4431 ees,
447 4363 504 4419 ἀλλ’
525 4365 596 4421 ἑάλω
616 4371 734 4435 γραφής.

457 4460 548 4523 11,όῖ
568 4453 684 4521 σίκυον,
709 4450 800 4521 εἶπεν,
819 4452 885 4509 οὐδὲ
904 4462 986 4508 τοῦτο
1005 4451 1112 4523 ἀληθὲς
1130 4452 1269 4524 λέγουσιν·
1296 4462 1355 4514 πῶς
1377 4453 1429 4522 γὰρ
1450 4454 1480 4508 ἐν
1500 4450 1599 4525 όλίγῳ

383 4538 453 4595 edre
472 4542 581 4615 χρόνῳ
602 4542 685 4605 πόλις
702 4542 809 4598 ἁλοῦσα
828 4544 877 4596 καλ
894 4543 1074 4612 ἐρημωθεῖσα
1092 4543 1232 4611 τοσαύτην
1251 4540 1379 4597 ἐπίδοσιν
1399 4542 1478 4613 ἔσχεν
1497 4544 1534 4606 ὡς
1552 4561 1599 4610 με·

385 4625 464 4699 rinus
479 4630 612 4703 γενέσθαι
630 4641 687 4687 τῶν
705 4632 778 4686 κατὰ
795 4633 847 4700 τήν
861 4628 960 4686 Ἀσίαν.
988 4631 1020 4685 Iu
1039 4631 1119 4685 libris
1139 4636 1182 4686 ast
1201 4634 1231 4686 ἐν
1250 4629 1333 4704 όλίγφ
1353 4629 1443 4702 χρόνῳ
1463 4630 1534 4685 οὕτω
1555 4632 1599 4686 vel

317 4737 318 4744 ¹
385 4713 467 4787 eir-53
483 4723 531 4776 sed
549 4720 647 4784 οὕτως.
666 4721 742 4789 quod
760 4721 828 4775 olim
844 4738 907 4775 cum
920 4721 1057 4789 proximis
1073 4721 1290 4791 emungebant,
1311 4719 1384 4775 odeo
1398 4720 1479 4783 πόλις
1492 4720 1599 4774 ἁλοῦσα

387 4824 407 4856 ι
422 4806 451 4875 l,
466 4809 710 4877 Wilamowitzius‚
734 4811 779 4864 cni
798 4810 941 4864 Arnimius
965 4810 1097 4876 accessit,
1121 4810 1271 4865 delendum
1297 4810 1419 4878 censuit,
1443 4810 1600 4879 praestabit

388 4889 484 4953 fortnas
500 4903 682 4969 transponere
701 4899 737 4953 ob
757 4916 820 4954 eam
839 4916 961 4965 caussm,
983 4900 1051 4968 quia
1070 4899 1143 4952 nihil
1162 4899 1293 4952 usitatius
1314 4902 1357 4953 est
1376 4898 1460 4952 Dioni
1479 4916 1513 4952 ea
1532 4915 1599 4954 voce

391 4987 534 5057 memte,
558 4990 607 5057 qui
626 4987 697 5042 talia
716 4988 815 5043 scribit
834 4989 930 5060 βαθὺν
949 4987 1038 5050 οὕτως
1056 4986 1161 5054 ὕπνον,
1184 4987 1288 5042 τέλειον
1308 4986 1379 5041 οὕτω
1398 4986 1494 5058 λόγον.
1519 4988 1600 5056 ἐγγὺς

391 5067 459 5136 ⁸5¹OE
470 5077 550 5145 ίμῶν,
568 5077 691 5149 χαλεπὸν
705 5076 793 5141 οὕτως
807 5079 855 5131 καί
870 5076 965 5148 βίαιον
980 5076 1106 5144 κέντρον,
1126 5080 1256 5131 sexcenta
1271 5076 1342 5142 alia3
1362 5081 1390 5130 et
1404 5076 1515 5145 peccari
1530 5071 1600 5129 uon·

394 5171 518 5231 mquam
540 5166 706 5221 invertendo
734 5166 832 5221 ordine
856 5168 885 5219 in
909 5166 990 5220 libris
1014 5167 1129 5221 Dioneie
1153 5184 1217 5220 cum
1241 5166 1297 5220 elia
1322 5166 1516 5220 demonstrent
1538 5169 1599 5217 tum

396 5248 454 5348 ³3⁰⁶
468 5258 509 5322 82,
522 5261 556 5309 ’18
575 5254 686 5310 venant
704 5255 784 5321 libri,
803 5258 853 5309 aut
872 5254 957 5319 τόπος
976 5254 1048 5309 οὓτω
1067 5256 1238 5324 καλούμενος
1257 5257 1307 5309 aut
1325 5252 1411 5317 τόπος
1430 5254 1601 5322 καλούμενος

399 5350 465 5402 ”¹⁸5
479 5344 644 5401 exhibentes.
695 5397 698 5403 .
