3925 6675
559 1128 857 1178 namuurum
876 1128 1026 1178 MINUCII
1043 1127 1184 1189 FELICIS
1203 1127 1372 1180 OCTAVIO.
1535 1127 1602 1191 115

375 1280 462 1358 Quod
490 1290 518 1352 si
546 1290 676 1373 scripsit
702 1291 748 1353 ita
771 1289 947 1368 Minucius,
976 1293 1013 1352 ut
1040 1293 1204 1373 putamus,
1232 1295 1259 1354 et
1285 1290 1392 1354 arbam
1415 1290 1603 1355 Satmmiam

380 1393 508 1459 maida
525 1397 563 1459 de
579 1417 635 1461 auo
653 1398 781 1461 nomine
799 1402 828 1460 et
846 1396 1030 1460 Ianiculum
1046 1397 1150 1460 lamus
1168 1394 1308 1482 (scilicet
1327 1398 1364 1460 de
1381 1417 1436 1462 suo
1455 1396 1605 1484 nomime),

344 1489 496 1566 ltdicmdi
517 1524 618 1588 genus
643 1505 772 1566 secutus
796 1507 846 1566 est
870 1524 934 1586 quo
957 1501 1103 1566 Iustinus
1131 1504 1235 1566 utitur
1263 1525 1334 1567 cum
1363 1503 1476 1568 scribit
1501 1502 1602 1589 (xum

391 1602 416 1685 l,
431 1605 479 1693 12)
502 1630 568 1673 cum
591 1611 717 1674 Aeneas
743 1611 813 1674 iure
839 1611 987 1673 uictoriae
1014 1615 1141 1690 utroque
1162 1610 1280 1691 populo
1302 1612 1469 1691 patiretur,
1497 1611 1603 1675 certem

396 1729 424 1773 tt
445 1718 558 1780 nomine
583 1719 693 1781 uxoris
720 1716 894 1780 laetatum
922 1716 1075 1792 condidit,
1103 1721 1136 1779 et
1163 1715 1315 1802 Hyginus
1342 1716 1405 1781 fab.
1432 1718 1494 1782 186
1523 1721 1603 1780 extr.

399 1821 440 1896 aui
460 1823 489 1885 iu
514 1822 705 1905 Propontide
731 1844 769 1887 cc
795 1843 851 1887 suo
878 1825 1005 1887 nemim
1040 1824 1245 1888 condiderunt
1271 1823 1404 1889 Boeotus
1430 1823 1602 1900 Boeotiam,

403 1923 489 1993 auus
508 1927 697 2015 Aeoliam*).
735 1928 872 1994 Accedit
896 1929 983 2013 quod
1007 1927 1179 2010 Minucius,
1203 1931 1259 2013 qui
1281 1929 1361 1995 haec
1385 1951 1467 2014 quae
1489 1931 1604 1995 scribit

406 2027 441 2116 (5)
465 2034 602 2100 latebram
633 2056 724 2103 maru
756 2037 840 2118 quaed
870 2042 933 2101 tuto
961 2036 1102 2101 latuisset
1128 2039 1234 2102 uocari
1261 2038 1374 2102 metuit
1402 2037 1531 2102 Latium
1563 2060 1602 2100 ex

406 2134 515 2225 Vergilio
537 2145 677 2227 sumpsit
699 2143 755 2226 qui
778 2142 858 2207 dicit
881 2142 975 2226 (Aen.
995 2161 1057 2207 vm
1078 2142 1158 2228 322)

1027 2250 1217 2332 Latiumque
1239 2253 1344 2314 uocaou'
1617 2280 1644 2318 ιο

551 2357 665 2422 oculuit
685 2358 736 2422 lu's
758 2359 907 2439 quoniam
931 2358 1072 2422 latuacset
1094 2363 1179 2422 tutus
1202 2361 1237 2422 im
1259 2359 1331 2436 oris,

406 2456 476 2524 etiam
495 2463 552 2547 illa,
576 2464 604 2527 si
629 2486 740 2528 verum
763 2469 813 2528 cst
837 2463 923 2548 quod
947 2466 1187 2548 proposuimus,
1218 2464 1258 2527 ad
1282 2466 1464 2549 exemplum
1489 2464 1602 2551 Vergi-

406 2558 496 2633 lianum
515 2571 615 2635 rideri
638 2574 748 2654 potest
771 2571 1000 2654 conformasse,
1024 2571 1109 2655 apud
1129 2593 1225 2654 quem
1247 2571 1356 2636 eodem
1379 2575 1488 2636 tenore
1508 2570 1602 2657 (Aen.

406 2683 451 2730 t'ssl
465 2673 531 2762 357)
553 2676 632 2742 haee
654 2677 814 2742 habentur

551 2785 633 2848 banc
656 2785 760 2849 Ianus
776 2791 880 2868 pater,
902 2785 985 2848 bauo
1006 2784 1166 2849 Saturnus
1188 2786 1359 2849 condidit
1382 2785 1494 2862 urbem,

547 2891 728 2956 Ianiculum
751 2889 831 2974 breta,
854 2891 906 2955 uui
926 2892 1033 2972 fuerat
1054 2891 1211 2956 Saturnia
1233 2913 1352 2956 uomeu.

409 2982 529 3062 Qssflntam
552 3002 659 3062 autem
684 2999 935 3063 familiaritatem
960 2996 1123 3064 Minucius
1147 3020 1220 3063 cum
1245 2997 1383 3084 Vergilii
1406 2998 1602 3062 carminibus

408 3099 575 3189 artiserit,
598 3105 649 3168 vel
673 3105 730 3170 illa
753 3105 944 3170 documento
969 3111 1045 3169 sunt
1069 3128 1151 3189 quae
1176 3128 1202 3170 c.
1224 3105 1275 3188 19,
1296 3106 1323 3168 1.
1343 3106 1364 3169 2
1389 3107 1534 3189 exponit:
1563 3104 1602 3168 de

407 3199 501 3292 quium,
521 3215 596 3296 quia
614 3212 760 3277 ridemus
779 3234 852 3278 cum
872 3213 912 3276 ab
932 3211 1005 3276 aliis
1023 3216 1094 3276 tum
1113 3212 1327 3277 auarissimo
1346 3212 1468 3276 editore
1487 3233 1601 3295 parum

407 3313 469 3376 Mle
486 3316 621 3403 iudicari,
645 3319 677 3383 iu
702 3324 887 3384 transcursu
911 3319 1054 3384 dicemus
1077 3320 1210 3385 bevitcr.
1247 3319 1378 3384 Etenim
1399 3343 1471 3386 cum
1492 3319 1538 3384 ita
1556 3319 1600 3382 di·
1616 3349 1643 3389 ,ο

405 3420 443 3478 ffll
458 3418 604 3493 limacius

505 3534 611 3599 Audio
628 3541 740 3615 poetas
766 3555 883 3615 quemue
910 3555 1009 3598 uuum
1031 3540 1156 3615 patrem
1184 3536 1290 3599 divum
1319 3541 1410 3615 atoue
1440 3535 1602 3598 homiuum

501 3641 717 3723 praedicantes
738 3647 766 3705 et
788 3642 881 3705 talem
905 3661 968 3705 csse
991 3642 1171 3705 cromatium
1195 3647 1324 3706 meatem
1347 3641 1469 3723 qualem
1481 3661 1603 3723 pareres

503 3750 642 3813 ‹mmium
671 3749 753 3812 diem
781 3749 950 3812 induxerit.
1006 3749 1090 3828 Quid
1117 3748 1319 3813 Mantuanus
1347 3748 1468 3813 Mare?
1500 3769 1603 3813 uouuc

504 3858 642 3938 apertum
658 3856 840 3938 proximius
861 3857 967 3919 aerius
984 3856 1146 3937 priuatae
1170 3857 1217 3919 ait
1239 3856 1357 3919 caelum
1381 3876 1418 3919 ac
1448 3861 1547 3919 terras
1574 3861 1601 3918 et

450 3957 466 4020 ὁ
505 3969 601 4028 cetera
625 3963 737 4026 mundi
760 3962 897 4025 meuebra
921 3963 1053 4043 spiritus
1075 3964 1162 4027 tutus
1180 3962 1240 4025 alit
1257 3968 1284 4026 et
1301 3963 1411 4043 infusa
1430 3982 1516 4026 urens
1533 3964 1602 4044 aoi-

503 4076 554 4149 tat,
578 4070 653 4134 inde
673 4069 834 4134 mertuum
852 4068 1066 4149 pecudumque
1086 4089 1183 4151 penus
1207 4074 1234 4132 et
1256 4069 1404 4150 quicquid
1421 4068 1513 4133 atiud
1530 4070 1601 4131 aui-

502 4176 656 4241 malium?
698 4176 786 4240 Idem
815 4176 879 4239 alio
907 4175 969 4239 loco
998 4180 1128 4239 mertem
1157 4178 1250 4240 istam
1279 4181 1306 4239 et
1332 4177 1479 4257 spiritum
1509 4175 1600 4238 deum

502 4286 652 4349 nominat.
684 4284 759 4347 leaeo
781 4285 847 4347 ciue
870 4282 961 4346 uerba
983 4289 1056 4346 scrut

956 4391 1047 4453 deum
1070 4411 1205 4470 marita-uc
1228 4391 1274 4453 ire
1292 4411 1350 4470 per
1373 4409 1477 4454 omrrcs
1614 4419 1642 4455 ao

432 4493 465 4558 10
551 4504 709 4579 tetrosque
731 4502 904 4577 tradasque
929 4499 1028 4561 arauris
1051 4496 1228 4576 coetumque
1243 4497 1450 4578 profundum,

549 4605 633 4668 unde
654 4605 793 4669 marines
815 4610 844 4667 ct
860 4604 1001 4685 pecuedes,
1024 4604 1107 4667 uude
1130 4604 1227 4667 imber
1250 4610 1278 4667 et
1299 4605 1394 4685 lpum,

430 4691 473 4700 ,ᾖ

464 4742 504 4811 ⁸7)
522 4745 646 4816 [Servius
669 4745 700 4797 in
718 4743 801 4813 Verg.
817 4743 908 4796 bucol.
924 4749 953 4808 b,
969 4748 1003 4795 72
1028 4745 1112 4797 victor
1134 4744 1206 4796 ‹taea
1225 4745 1303 4796 urbes
1321 4743 1405 4796 caud
1411 4745 1444 4796 id
1450 4746 1489 4805 it,
1513 4761 1601 4796 uuam

394 4824 532 4898 Paeanem
556 4833 592 4888 de
617 4834 746 4887 tremine
768 4834 913 4902 Peraami,
941 4835 1056 4886 atteram
1082 4834 1220 4901 Grynium
1243 4849 1277 4886 cx
1299 4849 1426 4901 respousa
1449 4832 1598 4900 Apollinis.

394 4910 552 4988 Hieronymus
571 4924 601 4975 in
620 4922 721 4976 Euseb.
741 4921 778 4975 ad
798 4938 822 4975 a.
838 4924 870 4976 A.
886 4927 955 4974 2005
976 4921 1099 4975 Herodes
1120 4923 1277 4975 Caesarium
1296 4923 1325 4973 iu
1346 4923 1454 4975 uoutiue
1475 4921 1601 4973 Caesaris

394 5006 510 5081 aidau]
542 5011 573 5064 ln
589 5011 705 5082 Origine
718 5012 812 5081 gentis
826 5010 971 5065 Romanae
986 5010 1061 5078 quod
1077 5010 1210 5063 scribitur
1224 5027 1245 5062 c.
1262 5015 1287 5074 9,
1303 5016 1318 5060 4
1334 5013 1475 5078 (Acueumt
1491 5010 1600 5062 Aenum

394 5107 422 5143 α
437 5112 478 5153 cro
497 5103 604 5156 nomine
622 5101 775 5156 coudtdiece
793 5101 829 5154 ad
849 5102 1022 5169 superiorum
1042 5118 1123 5152 usum
1143 5100 1294 5153 formatum
1314 5102 1364 5151 est.
1399 5098 1525 5151 Ceterum
1546 5096 1599 5148 Mi-

394 5184 473 5241 uuriu.
493 5190 565 5260 qnod
588 5192 622 5245 de
643 5208 693 5245 suo
716 5192 825 5245 momine
847 5190 948 5243 maluit
970 5193 1013 5257 (ut
1032 5190 1153 5257 Servius)
1176 5204 1261 5256 quam
1284 5204 1331 5250 ea,
1354 5188 1497 5240 adamavit
1520 5184 1600 5238 illam

394 5284 448 5334 ΡΜ
462 5276 508 5333 hae
523 5281 760 5348 praepositionem
775 5281 861 5332 etiam
876 5280 954 5342 abbi,
974 5278 1051 5332 velut
1065 5296 1087 5331 c.
1104 5284 1146 5343 20,
1161 5285 1190 5345 43
1206 5283 1248 5343 21,
1265 5283 1311 5343 103
1326 5285 1369 5343 ⁶25,
1384 5284 1400 5328 5
1415 5278 1447 5330 de
1460 5276 1601 5328 rrrrruubiis

396 5361 447 5416 020-
464 5370 501 5434 (a
517 5371 663 5435 enarrabile,
682 5387 715 5424 cx
730 5370 846 5438 praela,
865 5370 942 5437 apud
961 5367 1083 5422 Gellium
1103 5387 1152 5419 rur
1168 5370 1225 5435 25);
1245 5372 1287 5432 33,
1303 5373 1326 5419 3.

1348 5454 1382 5507 8*
