3925 6675
535 1140 639 1194 eccn
655 1142 705 1194 os
725 1142 925 1193 couonous
943 1140 1135 1192 PLAUTINIS
1153 1140 1330 1192 usnemu.
1488 1136 1554 1200 405

289 1299 402 1364 telli
421 1301 470 1389 (de
493 1324 558 1387 quo
576 1302 650 1367 vide
669 1301 751 1367 Sest
771 1303 824 1386 62,
844 1300 933 1389 131),
955 1305 1068 1386 utpote
1092 1301 1156 1365 iam
1179 1305 1335 1382 mortuus,
1358 1321 1469 1365 revera
1486 1303 1556 1365 erat

286 1405 346 1469 ab
394 1410 498 1490 inseris
520 1410 701 1474 evocandus
719 1413 752 1474 et
771 1413 882 1495 aptum
901 1413 970 1473 erat
989 1408 1052 1472 hoc
1071 1409 1179 1472 statim
1199 1409 1232 1473 in
1252 1407 1555 1472 commemoratione

284 1509 433 1579 fratris
459 1515 540 1580 addi.
577 1514 625 1581 Ut
646 1516 793 1582 breviter·
809 1516 965 1599 dicamus,
989 1514 1083 1581 nobis
1107 1513 1218 1581 Cicero
1242 1537 1281 1579 ex
1305 1513 1361 1578 illa
1384 1535 1480 1596 quam
1503 1535 1555 1577 ex-

284 1616 524 1699 planavimus
547 1626 711 1688 structura
733 1622 794 1687 hoc
817 1623 946 1688 videtur
968 1621 1111 1687 voluisse
1134 1628 1163 1686 et
1182 1624 1315 1702 fratrem,
1338 1621 1377 1685 ab
1398 1621 1555 1701 inseriset

285 1742 429 1794 Omnes
449 1730 591 1796 Metellos
613 1732 774 1808 adiab&
797 1730 884 1814 quod
908 1730 984 1814 quia
1007 1750 1073 1792 non
1092 1733 1157 1792 tam
1178 1728 1317 1813 simplici
1337 1727 1481 1793 oratione
1500 1727 1555 1792 sed

288 1829 475 1901 uberiore.
492 1838 591 1921 paulo
615 1859 651 1901 ac
674 1837 859 1902 verbosiore
883 1837 1083 1920 exprimitur,
1106 1837 1225 1900 fectum
1250 1839 1358 1900 estut
1381 1834 1494 1899 deinde
1516 1833 1556 1897 ad

293 1933 466 2009 Metellos
486 1943 606 2008 additis
630 1943 748 2028 quibus
772 1966 853 2028 opus
876 1966 943 2007 non
966 1948 1034 2008 erat
1053 1948 1092 2006 e'x
1111 1944 1173 2006 ista
1191 1943 1315 2006 ratione
1334 1941 1442 2005 verbis
1453 1961 1557 2023 paene

293 2059 353 2105 Q:
391 2049 553 2115 Acheronte
578 2050 711 2114 eandem
739 2073 835 2134 quam
864 2054 938 2115 ante
966 2051 1157 2114 sententiam
1187 2048 1243 2112 sed
1265 2050 1387 2112 variata
1411 2049 1556 2112 oratione

297 2149 456 2221 referret
481 2160 516 2221 et
544 2158 700 2242 graviore.
738 2155 851 2241 Itaque
878 2158 906 2221 si
935 2157 1013 2240 quid
1041 2155 1231 2220 demendum
1257 2159 1318 2238 est,
1345 2154 1423 2218 haec
1447 2155 1555 2238 potius

303 2250 490 2328 demantur
513 2268 651 2348 oportet,
674 2286 756 2348 quae
775 2269 882 2328 tamen
901 2263 973 2348 quis
993 2287 1012 2327 e
1030 2285 1064 2328 se
1083 2263 1269 2348 impetrabit
1287 2267 1324 2326 ut
1342 2261 1382 2326 eb
1404 2260 1596 2327 Ciceronem

305 2358 491 2435 abiudicee

417 2473 474 2541 Sed
498 2477 586 2561 quod
605 2476 800 2560 Ciceronem,
824 2478 850 2542 si
875 2477 953 2561 quid
974 2482 1142 2562 peceatum
1167 2481 1224 2559 est,
1247 2477 1428 2561 peccavisse
1449 2477 1555 2561 ipsum

308 2583 499 2669 Εῐςυὶπιιιε,
527 2607 568 2649 ne
596 2585 648 2648 cui
676 2585 792 2648 mimm
822 2585 982 2668 videatur,
1009 2606 1048 2647 en
1077 2583 1212 2648 alterum
1236 2583 1432 2668 exemplum,
1459 2584 1556 2648 vilius

310 2673 403 2768 i1¹0,
425 2691 477 2755 sed
506 2691 593 2776 quod
620 2695 727 2756 tamen
755 2713 820 2756 non
850 2691 1085 2755 infructuosum
1114 2692 1156 2754 sit
1181 2691 1363 2755 attendisse.
1400 2689 1438 2755 In
1462 2691 1557 2754 tertia

313 2779 448 2861 decima
478 2798 624 2863 oratione
657 2799 691 2862 in
718 2796 897 2862 Antonium
928 2798 983 2882 17,
1006 2797 1049 2861 36
1082 2821 1121 2861 ex
1149 2797 1283 2861 Antonii
1312 2796 1451 2880 epistula
1478 2797 1557 2862 haec

312 2890 499 2969 afferuntur

484 3011 615 3094 disfiete
632 3017 676 3076 est
694 3013 841 3076 credere
858 3033 928 3090 eos,
947 3013 1002 3093 qni
1020 3033 1069 3075 me
1080 3013 1283 3093 praecipitem
1303 3013 1419 3092 eperiet
1437 3011 1557 3091 eequis·

482 3121 583 3184 simae
605 3118 798 3183 condiciones
816 3119 963 3199 ferestem
981 3125 1010 3183 et
1027 3125 1131 3183 temen
1149 3139 1187 3183 ee
1205 3121 1248 3182 iis
1265 3119 1389 3199 aliquid
1406 3119 1558 3181 remittere

483 3227 679 3309 epitomen,
707 3231 869 3307 putere
900 3226 1026 3308 alicuid
1058 3226 1211 3290 moderate
1243 3231 1298 3290 eet
1328 3223 1464 3288 bisenene
1495 3244 1558 3288 esse

481 3334 628 3415 facturos.
1570 3360 1600 3399 eo

316 3415 467 3538 {opere
490 3441 555 3506 duo
577 3439 675 3506 rerba
697 3442 817 3505 credere
839 3445 871 3504 et
887 3446 1004 3522 petere
1027 3461 1060 3503 se
1084 3440 1230 3522 excipere
1254 3444 1327 3523 apte
1351 3440 1384 3504 in
1407 3440 1469 3505 hac
1489 3460 1556 3503 ora-

318 3523 416 3609 t'0110
439 3571 505 3613 non
532 3569 639 3631 posse:
667 3551 794 3632 poterat
822 3554 995 3631 utrumque
1022 3550 1109 3611 recte
1138 3546 1250 3629 scribi,
1279 3551 1334 3610 aut
1362 3547 1492 3629 difficile
1514 3552 1559 3612 est

319 3648 483 3739 crecere,
510 3676 561 3721 ece
586 3656 642 3737 qui
664 3705 671 3719 .
691 3705 698 3719 .
722 3656 851 3737 epe-iet,
878 3654 1014 3719 temone
1040 3674 1103 3718 esse
1123 3654 1262 3734 facturos
1285 3658 1341 3717 aut
1363 3654 1492 3735 difficile
1515 3660 1560 3719 est

321 3756 383 3814 ⁰⁰⁸
400 3764 505 3841 qui..
529 3764 647 3845 operiet
667 3768 806 3844 putare
831 3762 967 3826 temone
993 3781 1056 3826 esse
1080 3762 1226 3841 facturos.
1264 3761 1369 3825 Ambo
1398 3761 1496 3825 verba
1524 3761 1557 3823 in

323 3859 437 3932 ⁸0dem
463 3869 631 3935 enuntiato
650 3869 751 3954 ,iungi
778 3867 949 3934 molestum
975 3872 1032 3932 cst.
1069 3866 1183 3951 Itaque
1206 3868 1282 3931 olim
1306 3873 1430 3931 veteres
1454 3869 1557 3932 critici

318 3969 435 4042 More
459 3980 498 4040 ut
526 3983 632 4042 errore
659 3980 771 4041 netum
800 3975 1008 4057 induxerunt,
1035 3974 1199 4039 verissimo
1229 3974 1276 4038 illi
1301 3974 1429 4057 quidem
1454 3996 1557 4057 sensu,

327 4077 476 4148 quoniam
501 4085 530 4149 si
553 4083 688 4148 alterum
711 4088 819 4147 utrum
839 4081 1054 4147 obiiciendum
1074 4086 1131 4165 est,
1149 4087 1265 4165 pitture
1283 4080 1489 4143 verisimilius
1508 4085 1558 4143 est

327 4184 398 4246 ΜΘ
422 4190 507 4275 quod
536 4194 664 4275 praeter
689 4189 873 4273 opinionem
898 4188 1067 4254 scribentis
1091 4188 1249 4252 adiectum
1274 4188 1324 4251 sit.
1362 4185 1424 4250 Sed
1443 4193 1558 4269 pretore

326 4273 434 4361 “bene
456 4319 524 4363 nou
542 4301 653 4381 potest
670 4297 790 4381 quippe
810 4295 896 4380 quod
914 4294 1071 4360 Prisciani
1090 4296 1311 4359 testimonium
1331 4298 1459 4358 tueatur
1477 4294 1556 4358 baec

326 4384 486 4469 *fiumen
513 4404 569 4469 lib.
593 4421 640 4467 xv
664 4426 693 4487 p.
715 4402 771 4487 70,
793 4404 834 4466 10
865 4403 970 4467 Cicero
997 4404 1033 4466 in
1056 4419 1120 4465 xm
1144 4401 1399 4484 Philippicorum
1423 4401 1557 4484 ‘peiere
1571 4428 1598 4467 eo

325 4489 450 4584 “liquid
475 4512 631 4577 moderate
657 4516 713 4575 aut
739 4510 875 4574 hebraee
898 4509 1093 4593 sederem?
1128 4507 1241 4591 Itaque
1269 4509 1389 4572 credere
1416 4508 1455 4572 de
1484 4508 1556 4573 sede

323 4609 383 4670 '¹¹⁸
410 4618 622 4683 deficiendum
649 4622 711 4701 est,
739 4616 825 4701 quod
847 4617 1012 4698 librarius,
1040 4617 1086 4679 ait
1109 4615 1291 4702 Madvigius
1316 4615 1410 4702 (adv.
1431 4617 1557 4680 critiri

320 4713 352 4775 Ρ·
376 4717 466 4812 155),
488 4725 529 4790 ad
551 4724 682 4807 difficule
699 4730 743 4789 eet
761 4723 893 4806 addidit,
917 4746 990 4787 cum
1009 4723 1151 4787 nondum
1172 4724 1447 4787 animadvertisset
1466 4725 1557 4806 aequi

283 4798 443 4897 ”Mare
480 4830 543 4897 Sed
565 4831 628 4896 hoc
650 4830 800 4895 librarius
824 4830 879 4894 ubi
903 4830 1138 4913 animadvertit,
1161 4851 1218 4894 cur
1240 4853 1305 4895 non
1325 4829 1399 4895 ilico
1419 4831 1557 4893 mutavit

314 4924 416 5001 quod
439 4938 523 5004 ideo
551 4939 745 5023 scripserat?
781 4938 827 5001 At
849 4939 969 5003 medere
992 4938 1113 5021 optime
1136 4938 1243 5001 locum
1267 4940 1388 5017 tuetur,
1417 4957 1554 5019 quocum

310 5019 437 5110 statim
458 5046 587 5111 initium
610 5046 779 5131 pendentis
803 5044 958 5109 orationis
982 5046 1205 5127 coniungatur,
1229 5043 1359 5124 (difficile
1376 5048 1420 5106 est
1437 5042 1557 5105 eredere

306 5135 365 5195 ⁶⁰⁸
393 5153 452 5232 ee·
469 5203 511 5232 ..‚
533 5174 594 5217 nec
616 5151 683 5216 ulla
705 5175 739 5216 re
762 5152 825 5217 hoc
847 5152 980 5216 verbum
1004 5152 1178 5235 vituperari
1196 5155 1304 5232 potest
1323 5150 1385 5213 nisi
1404 5148 1490 5231 quod
1510 5148 1555 5211 in-

304 5240 471 5326 ‘equitur
496 5261 633 5326 alterum
662 5260 794 5323 verbum
822 5258 963 5323 eiusdem
993 5258 1250 5344 significationis,
1279 5256 1365 5338 quod
1393 5259 1425 5319 et
1448 5255 1553 5338 ipsum

302 5345 493 5432 ⁰01n1nod0
515 5366 589 5434 loco
612 5368 753 5451 positum
778 5370 827 5432 est
849 5365 903 5431 sed
927 5366 1135 5450 praecedente
1159 5363 1215 5430 illc
1239 5385 1298 5427 nec
1316 5361 1556 5444 desiderabatur
