3925 6675
589 1115 771 1167 summme
788 1116 985 1168 PLATONIGI
1003 1117 1309 1171 OBSERVATIONES.
1498 1116 1562 1182 361

329 1301 365 1342 re
392 1272 435 1360 ἦν
462 1275 500 1344 ἐκ
522 1275 606 1357 νέου
633 1275 688 1342 καὶ
716 1277 811 1360 ὑμῶν
837 1286 883 1366 τῷ
906 1280 1029 1362 πλήθει
1058 1277 1260 1364 ξυνέφυγεν,
1287 1286 1316 1344 et
1338 1301 1422 1346 mass
1445 1282 1566 1346 αιηίανε

330 1391 399 1449 eret
419 1405 441 1448 α
457 1385 570 1468 prieris
591 1389 619 1449 et
640 1383 794 1450 mosem
813 1387 925 1468 sepem
942 1387 1045 1467 petiit.
1081 1383 1194 1470 Itaque
1223 1385 1250 1450 si
1274 1386 1352 1470 quid
1375 1387 1565 1452 mutandum

330 1497 393 1574 est,
421 1489 536 1556 Cobeti
565 1491 750 1575 opinionem
776 1491 1001 1576 praeferimus,
1029 1493 1085 1576 qui
1114 1493 1200 1577 quod
1229 1492 1357 1578 ἑταῖρός
1384 1518 1419 1560 τε
1447 1493 1566 1574 delerit

330 1600 524 1664 sententium
547 1597 676 1681 quidem
698 1620 766 1662 non
789 1589 947 1684 eorrupiti
970 1599 1026 1664 sed
1045 1599 1131 1683 quod
1150 1599 1285 1664 alterum
1306 1599 1435 1686 ἑταῖρος
1453 1601 1565 1666 abesse

330 1704 454 1788 maluit,
477 1709 515 1770 ut
537 1705 703 1770 mittamus
725 1728 820 1771 usum
844 1705 998 1789 Platonis,
1022 1727 1118 1790 quem
1140 1709 1398 1791 monstravimus,
1421 1709 1492 1792 ipse
1510 1730 1564 1772 na-

330 1814 398 1878 tira
420 1817 571 1876 venustas
594 1812 721 1878 dioendi
739 1814 855 1896 renuit,
879 1835 960 1898 quse
978 1815 1013 1878 in
1031 1813 1092 1879 hee
1110 1815 1257 1898 quamvis
1276 1815 1365 1879 tenni
1384 1814 1565 1880 differentia

330 1919 472 2003 partium
500 1941 566 1984 non
593 1921 747 1984 tolerasse
773 1920 870 1986 modo
898 1920 954 1986 aed
976 1920 1181 2004 requisivisse
1205 1943 1323 1986 nomen
1346 1921 1496 1986 iteratum
1520 1923 1564 1988 vi·

331 2026 438 2110 detur,
465 2023 542 2110 ἐμός
565 2049 600 2092 τε
623 2024 753 2109 ἑταῖρος
774 2021 817 2109 ἦν
840 2026 880 2092 ἐκ
903 2027 997 2094 νέου
1019 2025 1074 2092 καὶ
1099 2027 1194 2112 ὑμῶν
1216 2036 1261 2116 τῷ
1281 2032 1403 2112 πλήθει
1426 2027 1564 2113 ἑταῖρος.

330 2131 377 2198 At
395 2131 562 2217 Cebetem,
585 2137 746 2218 putemne,
768 2155 836 2200 non
857 2133 936 2198 haee
958 2139 1084 2200 tantum
1109 2135 1244 2200 offensio
1268 2135 1379 2219 movit,
1402 2135 1564 2201 sedidem

330 2239 416 2306 houd
444 2239 542 2305 dubie
569 2239 717 2306 duritiem
747 2241 906 2326 quandam
935 2241 1091 2307 orationis
1119 2243 1277 2326 persensit
1299 2244 1334 2306 in
1356 2241 1417 2308 hae
1440 2243 1564 2308 eonfor-
1578 2267 1605 2308 ro

331 2346 473 2412 motione
505 2347 559 2412 καὶ
589 2346 686 2430 ὑμῶν
717 2355 762 2434 τῷ
790 2351 912 2432 πλήθει
943 2347 1073 2432 ἑταῖρός
1099 2372 1133 2413 τε
1162 2347 1216 2414 καὶ
1245 2349 1447 2433 ξυνέφυγεν,
1481 2371 1563 2434 quae

331 2453 412 2540 pede
430 2453 545 2520 dando
563 2475 633 2520 esse
647 2455 794 2522 videatur
806 2459 922 2540 utpote
936 2477 1046 2520 oarens
1061 2456 1162 2522 altero
1177 2461 1341 2540 tamquam
1356 2457 1436 2540 pede
1450 2455 1563 2540 verb03

331 2565 537 2647 exspectatur
559 2562 645 2627 enim
664 2559 718 2626 sul
737 2561 832 2648 ὑμῶν
850 2572 895 2650 τῷ
910 2565 1033 2645 πλήθει
1053 2561 1181 2647 ἑταῖρός
1199 2586 1234 2628 τε
1252 2559 1295 2647 ἣν
1313 2565 1367 2632 καὶ
1386 2563 1563 2647 ξυνέφυνε,

331 2667 419 2752 quod
436 2669 571 2734 verbum
589 2669 765 2754 praecessit
784 2669 840 2734 sed
857 2691 897 2733 ex
915 2670 1080 2754 superiore
1098 2673 1190 2756 parte
1210 2669 1353 2756 suppleri
1366 2692 1433 2736 non
1446 2674 1563 2755 potest

329 2774 419 2840 Idem
437 2775 679 2844 ineommodum
698 2774 873 2842 Sohanzius
891 2777 1036 2862 percepit
1054 2781 1086 2842 et
1105 2781 1214 2862 aperte
1233 2777 1338 2842 verbis
1358 2777 1563 2864 signifioavit.

330 2882 432 2968 Atqui
455 2877 499 2965 ην
520 2884 549 2948 si
572 2883 778 2965 desideratur,
801 2882 915 2966 quidni
937 2882 1084 2948 addimus
1107 2904 1217 2948 voeem
1239 2884 1435 2967 postulatam
1454 2887 1563 2969 potius

331 3011 428 3074 quam
455 2990 597 3054 absentis
625 2990 659 3052 in
687 2989 873 3054 societatem
901 2989 1090 3055 abiiciamus
1117 2991 1194 3076 alia,
1222 2990 1308 3074 qnod
1337 3012 1411 3056 eum
1441 2989 1563 3058 Cobeto

331 3095 507 3162 Sohanzius
530 3096 681 3162 instituit.
719 3095 806 3160 Haeo
829 3095 886 3180 qui
908 3097 1119 3181 reputaverit,
1147 3097 1308 3182 intelliget
1330 3119 1447 3164 novam
1469 3099 1564 3164 nobis

331 3204 552 3289 quaestionem
579 3204 748 3271 subustum
776 3224 858 3286 esse,
886 3203 942 3269 sed
969 3226 1037 3268 eam
1068 3225 1149 3288 quae
1173 3203 1332 3288 dirempta
1355 3227 1444 3290 spem
1460 3206 1564 3288 ¹faeiat

331 3310 525 3396 diremptum
552 3310 592 3377 iri
620 3313 722 3376 totam
736 3331 888 3391 veausam.
924 3309 1054 3377 Etenim
1082 3332 1148 3377 non
1172 3309 1301 3396 ἑταῖρος
1324 3317 1373 3378 est
1396 3313 1483 3397 quod
1505 3315 1563 3381 im·
1577 3336 1605 3377 ro

330 3418 440 3505 pediat
467 3418 523 3483 sed
545 3418 582 3484 τέ
603 3418 761 3503 particula
784 3418 813 3482 ei
837 3416 961 3482 nomini
985 3416 1121 3502 adieota;
1149 3441 1213 3503 qua
1236 3418 1363 3483 sublate
1385 3419 1457 3485 tolli
1481 3421 1563 3487 diffi-

332 3525 435 3594 eultaa
457 3526 618 3609 rideatur,
644 3524 721 3610 ἐμός
743 3547 779 3591 τε
802 3522 931 3607 ἑταῖρος
954 3519 997 3607 ἦν
1019 3523 1055 3589 ἐκ
1079 3524 1158 3591 νέου
1181 3524 1235 3593 καὶ
1258 3527 1354 3611 ὑμῶν
1376 3536 1421 3615 τῷ
1441 3531 1564 3611 πλήθει

332 3632 461 3717 ἑταῖρος
478 3631 532 3699 καὶ
552 3632 718 3716 ξυνέφυγε
736 3656 762 3696 τ.
778 3655 813 3714 φ.
845 3629 918 3695 Ηοα
936 3631 1038 3715 igitur
1052 3632 1254 3717 exploratum
1269 3639 1399 3719 oportet
1411 3656 1564 3702 verumne

332 3741 375 3807 sit
393 3739 479 3825 qnod
498 3738 547 3805 illi
566 3761 662 3804 sensu
680 3739 830 3823 quodam,
849 3760 915 3805 non
932 3739 1158 3805 observatione
1176 3762 1254 3806 usus
1270 3740 1359 3808 dueti
1373 3742 1564 3827 iudicarunt,

332 3848 364 3911 in
384 3846 531 3914 oretione
549 3845 722 3913 bimembri
740 3845 778 3911 τέ
793 3845 955 3931 particula
972 3847 1093 3911 inserta
1111 3868 1177 3911 non
1195 3869 1290 3931 posse
1304 3847 1438 3917 verbnm
1452 3851 1564 3917 abesse

332 3954 366 4021 in
388 3954 490 4021 altera
513 3958 614 4041 perte.
651 3952 746 4018 Plato
769 3953 816 4017 ita
838 3952 952 4017 soribit
973 3954 1009 4017 in
1030 3952 1202 4019 Phaedone
1226 3953 1446 4043 (p.106‚10)
1468 3982 1563 4042 χωρι-

332 4065 451 4147 ζόμενα
479 4058 516 4126 δὲ
544 4064 738 4145 φρονήσεως
765 4059 990 4144 ἀλλαττόμενα
1018 4058 1091 4125 ἀντὶ
1116 4060 1269 4143 ἀλλήλων
1291 4064 1336 4147 μὴ
1359 4066 1563 4149 σκιαγραφία

331 4193 381 4247 τις
411 4160 429 4256 ᾗ
456 4166 477 4253 ἡ
504 4168 639 4251 τοιαύτη
668 4167 767 4251 ἀρετὴ
794 4165 848 4232 καὶ
878 4174 923 4254 τῷ
942 4168 1015 4231 ὄντι
1039 4165 1299 4253 ἀνδραποδώδης
1321 4192 1361 4235 τε
1384 4168 1439 4235 καὶ
1463 4171 1563 4237 οὐδὲν

331 4272 424 4360 ὑγιὲς
445 4272 519 4342 οὐδ’
546 4272 708 4359 &leiim
731 4269 803 4359 ἔχη,
829 4272 887 4339 ubi
909 4271 1174 4357 ἀνδραποδώδης
1196 4297 1231 4341 τε
1253 4267 1275 4359 ᾗ
1297 4277 1503 4364 intelligitur3
1531 4282 1564 4343 et

332 4384 461 4468 ineptus
483 4381 547 4447 fuit
570 4382 626 4466 qui
648 4378 771 4465 ἔχουσα
789 4379 908 4447 mallet.
940 4378 979 4447 In
998 4378 1172 4445 Theaeteto
1192 4381 1286 4467 plura
1304 4384 1400 4449 etiem
1420 4386 1563 4469 suppleri
1577 4404 1604 4443 re

331 4494 439 4556 mente
461 4488 566 4555 voluit
588 4487 633 4574 (p.
653 4488 707 4571 23,
720 4485 779 4573 32)
802 4487 848 4563 ὡς
873 4488 906 4552 oi
927 4490 1123 4572 μαινόμενοι
1148 4489 1167 4573 ἣ
1191 4490 1223 4554 oi
1246 4489 1499 4575 ὀνειρώττοντες
1522 4492 1563 4557 οὐ

331 4598 439 4681 ψευδῆ
468 4594 679 4677 δοξάζουσιν,
705 4594 787 4661 ὅταν
810 4594 844 4658 oi
865 4590 928 4678 pis
950 4592 1026 4661 θεοὶ
1050 4594 1162 4659 αὐτῶν
1185 4602 1321 4661 οἴωνται
1345 4593 1447 4682 εἶναι,
1470 4600 1506 4667 οἱ
1526 4596 1563 4667 δὲ

330 4705 475 4788 ττηνοί
495 4726 533 4770 τε
556 4700 611 4769 καὶ
635 4702 680 4778 ὡς
701 4702 877 4785 πετόμενοι
900 4698 938 4767 ἐν
961 4709 1005 4788 τῷ
1025 4701 1121 4789 ὕπνῳ
1141 4704 1355 4785 διανοῶνταις
1380 4704 1459 4771 dicit
1477 4706 1563 4773 enim

332 4812 368 4877 οί
392 4808 430 4877 δὲ
457 4812 578 4895 ατηνοί
603 4832 638 4875 τε
661 4814 796 4875 οἴωνται
819 4800 905 4873 εἶναι
928 4805 992 4873 καὶ.
1030 4806 1138 4893 Atque
1161 4808 1240 4875 haee
1264 4812 1393 4895 quidem
1417 4813 1564 4899 exempla

331 4917 453 4986 habent
474 4938 515 4983 ex
538 4916 759 5002 superioribus
782 4914 867 4999 quod
891 4913 963 4978 eddi
988 4914 1027 4979 ed
1051 4914 1088 4981 τέ
1108 4918 1263 5001 potuerit:
1290 4920 1422 4983 suntin
1445 4921 1563 5005 quibus

331 5025 415 5091 nihil
446 5026 490 5091 sit
520 5024 605 5089 unde
636 5026 801 5108 repetetur
833 5021 920 5106 quod
951 5022 1143 5109 requiritur;
1175 5025 1283 5107 quella
1314 5024 1393 5091 haee
1423 5028 1501 5091 dieit
1530 5029 1562 5093 in

420 5186 486 5251 ⁸2⁹)
503 5181 589 5239 οὐδὲν
611 5180 688 5250 ὑγιὲς
710 5176 802 5236 εἶναι
825 5176 889 5234 οὐδ’
915 5154 1021 5249 ἀληθέα
1043 5178 1122 5247 libri,
1146 5181 1195 5235 sed
1219 5186 1251 5236 ut
1274 5181 1303 5235 in
1326 5182 1469 5239 nonnullis
1489 5180 1563 5239 εἶναι

331 5272 456 5329 delatum
471 5272 522 5341 sit3
540 5270 616 5339 quod
630 5270 705 5325 unde
719 5272 816 5323 natum
831 5268 910 5322 dieas
923 5284 980 5321 non
995 5272 1120 5337 appetet.
1151 5268 1279 5326 Cetemm
1294 5272 1412 5327 Phsedr.
1427 5291 1454 5343 p.
1470 5278 1513 5341 tt,
1530 5280 1563 5327 14

330 5362 419 5433 potis
436 5361 514 5432 tysis
530 5358 641 5433 λδγοντε
659 5358 729 5429 μηδὲ
747 5356 860 5427 ἀληθές,
