3925 6675
554 1112 605 1162 DE
620 1111 851 1163 EMENDANDO
868 1111 1015 1162 MINUCII
1032 1112 1174 1163 FELICIS
1185 1112 1361 1168 OCTAVIO,
1525 1110 1588 1174 131

359 1269 519 1336 nucibus
548 1275 767 1338 nascentium.⁴
791 1272 853 1345 Ex
885 1295 950 1355 qua
969 1277 1072 1357 ‘purte
1102 1274 1256 1338 sermonis
1286 1295 1393 1358 pauco,
1418 1275 1590 1361 selegimus

362 1397 439 1459 quus
462 1399 537 1444 cum
560 1382 672 1444 nostro
695 1379 833 1449 oonsilio
857 1381 1029 1445 coniuncto
1052 1385 1140 1444 sunt:
1163 1382 1305 1464 primum
1323 1379 1390 1462 ills,
1413 1381 1590 1466 exquibus

365 1488 482 1549 occasio
505 1486 552 1549 rei
576 1488 790 1571 cognoscitur,
813 1509 843 1570 p.
861 1486 934 1569 138,
948 1487 991 1550 27
1013 1486 1084 1551 Sch.

416 1626 418 1629 v
489 1594 610 1670 πάντες
632 1588 695 1658 οὖν
725 1594 925 1670 ἀκούσαντες
946 1597 1107 1672 εἰπόντων
1126 1594 1238 1659 αὐτῶν
1255 1594 1364 1678 ἀηδῶς
1383 1593 1591 1678 διετέθημεν,

374 1766 378 1772 ,
490 1701 534 1776 ὡς
556 1700 700 1783 ὕστερον
722 1699 879 1783 ἐλέγομεν
893 1703 990 1784 ’πρὸς
1013 1701 1191 1784 ἀλλήλους,
1219 1700 1271 1766 ὅτι
1294 1701 1360 1766 ὑπὸ
1383 1709 1444 1766 τοῦ
1467 1698 1588 1786 ἔμπρο-

491 1813 575 1871 σθεν
598 1809 701 1888 λόγου
720 1808 852 1891 σφόδρα
870 1808 1110 1889 πεπεισμένους
1128 1808 1211 1890 ἡμᾶς
1229 1808 1331 1874 πάλιν
1350 1806 1491 1872 ἐδόκουν
1510 1807 1588 1871 ἀνα-

491 1912 696 1994 ταράξαιωί
710 1916 757 1990 εἰς
771 1913 928 1980 ἀπιστίαν
945 1918 1144 1998 καταβαλεῖν
1163 1914 1204 1978 οὐ
1218 1917 1325 1997 μόνον
1343 1926 1415 1992 τοῖς
1433 1937 1587 1999 προειρη-

490 2018 601 2103 μένοις
629 2023 741 2103 λόγοις
769 2021 852 2086 ἀλλά
880 2019 935 2085 καὶ
959 2023 1007 2096 εἰς
1029 2023 1069 2086 τά
1091 2021 1420 2104 ὕστερονμίλλοντα
1443 2021 1586 2105 ῥηθῆσε-

491 2133 584 2211 σθαι,
612 2129 657 2211 μῆ
685 2126 940 2204 οὐδενὸςάξιοι
968 2121 1059 2211 εἰμεν
1086 2128 1195 2212 κριταί
1219 2126 1238 2209 ῆ
1261 2126 1316 2193 καὶ
1344 2128 1384 2192 τά
1412 2129 1587 2212 πράγματα

423 2268 425 2270 ·
491 2235 609 2298 ἄπιστα
631 2241 693 2317 εἰη.
715 2272 758 2281 -
782 2233 906 2298 Deinde
930 2234 1027 2299 doro
1050 2234 1121 2318 ipsu
1143 2258 1175 2319 p.
1191 2233 1263 2319 140,
1278 2234 1318 2298 21
1345 2234 1428 2310 ἀλλά
1451 2246 1584 2319 πρῶτον
1600 2262 1627 2302 ιο

490 2340 729 2425 εὐλαβηθῶμίν
747 2367 779 2406 τι
796 2342 907 2417 πάθος
925 2343 969 2424 μὴ
988 2342 1157 2422 πάθωμεν.
1199 2342 1243 2406 Ti)
1262 2353 1374 2420 ποίους
1398 2336 1441 2424 ῆν
1459 2340 1488 2406 δ’
1512 2340 1586 2423 ἐγώ.

490 2450 546 2531 Μὴ
570 2449 761 2532 γενώμεθα,
787 2442 808 2529 ἦ
831 2447 872 2513 δ’
894 2447 941 2529 ὅς,
964 2451 1138 2531 μισόλογοι
1162 2448 1271 2532 ὥσπερ
1295 2449 1332 2513 οί
1350 2448 1586 2533 μισάνθρωποι

490 2557 691 2638 γιγνόμενοι,
714 2556 759 2632 ὡς
781 2555 844 2620 οὐκ
866 2551 968 2637 ἔστιν,
991 2551 1066 2638 ἔφη,
1094 2555 1112 2618 ό
1135 2579 1168 2620 τι
1190 2556 1233 2618 ἀν
1256 2578 1306 2631 τις
1328 2558 1440 2639 μειῖον
1463 2556 1585 2643 τούτου

489 2663 590 2726 κακὸν
612 2662 718 2727 πάθοι
741 2661 761 2745 ἣ
784 2664 904 2744 λόγους
927 2664 1076 2745 μισῆσας.
1114 2665 1273 2744 γίγνεται,
1287 2657 1323 2725 δὲ
1347 2661 1384 2725 ἐκ
1400 2671 1461 2727 τοῦ
1481 2663 1585 2727 αὐτοῦ

491 2772 612 2851 τρόπου
640 2772 817 2852 μισολογία
844 2791 878 2832 τε
902 2767 957 2833 καί
980 2761 1234 2852 μισανθρωπία.
1280 2769 1300 2851 ῆ
1323 2791 1358 2832 τε
1381 2771 1445 2853 γάρ
1468 2788 1586 2853 μισαν-

488 2879 620 2959 θρωπία
648 2875 800 2940 ἐνδύεται
827 2873 865 2940 ἐκ
891 2885 952 2940 τοῦ
980 2876 1114 2960 σφόδρα
1141 2873 1210 2946 τινί
1231 2883 1405 2939 πιστεῦσαι
1430 2877 1511 2940 ἀνευ
1535 2876 1584 2941 τό·

489 3005 580 3064 χνης,
603 2979 660 3047 καί
684 2981 874 3065 ἡγήσασθαι
896 2981 1090 3064 παντάπασί
1115 3005 1152 3064 γε
1180 2981 1289 3065 ἀληθῆ
1319 2977 1405 3046 εἶναι
1428 2983 1483 3046 καί
1506 2983 1584 3065 ὑγιῆ

488 3086 539 3152 καί
567 3089 688 3153 πιστὸν
715 3090 775 3153 τὸν
801 3090 1001 3171 ἄνθρωπον,
1031 3085 1143 3154 ἔπειτα
1172 3087 1289 3171 ὀλίγον
1311 3088 1454 3172 ὕστερον
1474 3089 1586 3174 εὑρεῖν

489 3204 606 3260 τοῦτον
628 3199 779 3278 πονηρόν
796 3218 831 3259 τε
854 3195 909 3260 καί
928 3197 1069 3279 άπιστον
1087 3197 1141 3260 καί
1161 3189 1263 3271 αὖθις
1281 3193 1406 3279 ἕτερον·
1431 3196 1484 3259 καί
1504 3196 1586 3260 όταν

489 3311 585 3367 τοῦτο
608 3302 768 3380 πολλάκις
789 3303 883 3387 πάθη
906 3327 966 3385 τις,
990 3303 1044 3367 καί
1068 3303 1132 3369 ὑπὸ
1155 3303 1288 3387 τούτων
1303 3303 1445 3386 μάλιστα
1465 3302 1524 3379 οὓς
1543 3301 1585 3367 ἀν
1598 3328 1625 3368 so

488 3408 644 3492 ἡγήσαιτο
672 3411 896 3485 οἰκειοτάτους
925 3434 961 3475 τε
990 3410 1045 3474 καί
1076 3407 1321 3492 ἑταιροτάτους,
1352 3416 1515 3475 τελευτῶν
1542 3412 1584 3493 δὴ

487 3517 577 3599 θαμά
609 3517 829 3601 προσκρούων
861 3527 950 3597 μισεί
981 3540 1016 3603 τε
1048 3518 1173 3591 πάντας
1203 3514 1258 3580 καί
1287 3516 1414 3599 ῆγεῐται
1447 3516 1584 3592 οὐδενὸς

481 3619 585 3694 ,οὐδὲν
611 3624 705 3706 ὑγιὲς
727 3615 814 3687 εἶναι
841 3625 878 3689 τὸ
902 3617 1060 3707 παράπαν
1124 3673 1131 3687 .
1149 3621 1204 3686 καί
1228 3623 1406 3706 δῆλονὸτι
1430 3624 1510 3705 ἀνευ
1533 3623 1582 3687 τί-

486 3752 562 3813 χνης
591 3739 650 3812 τῆς
677 3731 754 3813 περὶ
784 3729 998 3814 τάνθρώπεια
1026 3729 1044 3794 δ
1072 3738 1223 3811 τοιοῦτος
1252 3737 1398 3813 χρῆσθαι
1429 3729 1584 3815 ἐπιχειρεῖ

487 3848 553 3912 τοῖς
576 3836 778 3919 ἀνθρώποις.
797 3874 839 3882 -
863 3835 898 3901 Ρ.
916 3837 990 3921 141,
1003 3837 1048 3900 24
1071 3836 1154 3900 ἀλλά
1177 3837 1279 3921 ταύτη
1303 3833 1364 3920 μὲν
1388 3837 1451 3921 οὐχ,
1472 3836 1583 3919 όμοιοι

486 3944 517 4006 οἰ
530 3946 625 4025 λόγοι
640 3953 710 4019 τοίς
723 3943 918 4028 ἀνθρώποις
932 3992 939 4006 .
954 3994 961 4007 .
977 3941 1050 4008 ἀλλ’
1071 3942 1138 4007 ἐκεί
1181 3992 1189 4024 ,
1209 3941 1344 4008 ἐπειδάν
1359 3967 1408 4019 τις
1422 3944 1581 4027 πιστεύσῃ

485 4052 569 4136 λόγῳ
593 4048 663 4115 τινὶ
684 4049 807 4133 ἀληθεῖ
828 4044 914 4114 είναι
937 4051 1019 4114 ἀνευ
1043 4059 1100 4133 τῆς
1122 4051 1197 4133 περί
1220 4030 1438 4131 τοὺςλόγους
1456 4050 1582 4133 τέχνης,

485 4158 619 4222 κᾶπειτα
648 4156 765 4239 ὀλίγον
793 4157 936 4241 ὕστερον
965 4157 1054 4244 αὐτῷ
1082 4156 1160 4241 δόξη
1189 4157 1314 4239 ψευδὴς
1344 4149 1444 4239 εἶναι,
1475 4154 1581 4220 ἐνίοτε

467 4263 541 4343 μὲν
556 4264 619 4346 ῶν,
642 4261 749 4333 ἐνίοτε
772 4262 800 4327 δ’
825 4264 887 4328 οὐκ
910 4264 968 4343 ὤν,
991 4264 1046 4327 καί
1070 4259 1171 4338 αὖθις
1189 4261 1300 4346 ἕτερος
1318 4261 1372 4327 καί
1392 4261 1514 4347 ἕτερος
1530 4314 1536 4326 .
1552 4314 1580 4326 ..

489 4371 614 4453 142,11
636 4369 763 4437 οὐκοῦν
781 4371 916 4454 οἰκτρὸν
935 4369 978 4435 ἀν
997 4376 1047 4452 εἰη
1065 4372 1103 4434 τὸ
1123 4370 1242 4450 πάθος,
1266 4370 1295 4434 εί
1314 4370 1411 4445 ὄντος
1430 4370 1472 4451 δῆ
1490 4393 1581 4446 τινος
1595 4405 1622 4444 ³0

483 4476 631 4560 ἀληθοῦς
649 4478 704 4540 καί
722 4479 860 4560 βεβαίου
880 4479 982 4560 λόγου
1001 4476 1056 4541 καί
1076 4477 1223 4541 δυνατοῦ
1242 4486 1451 4563 κατανοῆσαι,
1469 4472 1581 4542 ἔπειτα

483 4584 536 4647 διά
569 4584 608 4647 τὸ
637 4586 903 4668 παραγίγνεσθαι
937 4584 1101 4675 τοιούτοις
1128 4581 1194 4648 τισὶ
1226 4585 1338 4665 λόγοις
1370 4595 1440 4659 τοῖς
1467 4584 1581 4659 αὐτοῖς

483 4686 555 4754 τοτὲ
578 4686 640 4773 μὲν
663 4690 823 4754 δοκοῦσιν
846 4688 1008 4771 ἀληθέσιν
1033 4682 1128 4773 εἶναι,
1153 4690 1227 4754 τοτὲ
1250 4686 1286 4754 δὲ
1310 4693 1365 4774 μῆ,
1393 4691 1436 4774 μῆ
1461 4688 1580 4769 ἑαυτόν

481 4820 529 4872 τις
552 4798 683 4883 αἰτιῷτο
706 4796 789 4879 μηδὲ
812 4799 873 4879 τῆν
896 4795 1018 4861 ἑαυτοῦ
1041 4795 1205 4880 ἀτεχνίαν,
1229 4796 1313 4861 ἀλλά
1336 4801 1500 4861 τελευτῶν
1524 4798 1579 4860 διὰ

480 4904 516 4967 τὸ
539 4902 655 4986 ἀλγεῖν
678 4903 819 4985 ἅσμενος
847 4902 900 4968 ἐπὶ
923 4906 1003 4979 τοὺς
1026 4905 1147 4986 λόγους
1166 4902 1230 4988 ἀφ’
1250 4901 1370 4968 ἑαυτοῦ
1388 4905 1450 4985 τῆν
1469 4906 1579 4967 αἰτίαν

482 5008 649 5073 ἀπώσαιτο
663 5007 718 5073 καί
732 5010 796 5092 ἤδη
811 5012 870 5074 τὸν
884 5012 1003 5075 λοιπὸν
1016 5012 1094 5092 βίον
1108 5021 1215 5094 μισῶν
1224 5034 1259 5073 τε
1269 5009 1324 5073 καί
1335 5011 1499 5094 λοιδορῶν
1510 5011 1577 5073 δια-

482 5121 579 5199 τελοῖ,
593 5126 661 5180 τῶν
675 5117 712 5181 δὲ
725 5118 833 5180 όντων
844 5127 902 5200 τῆς
914 5116 1073 5199 ἀληθείας
1085 5140 1119 5180 τε
1131 5116 1184 5180 καὶ
1199 5117 1378 5200 ἐπιστήμης
1392 5118 1577 5199 στερηθείη.

375 5208 458 5286 Huius
478 5222 703 5307 disputationis
726 5245 850 5288 memor
872 5224 936 5288 fuit
958 5228 995 5286 ut
1018 5222 1145 5287 videtur
1167 5221 1365 5307 Minucius*)
1390 5244 1462 5285 cum
1485 5222 1578 5285 finita

375 5310 510 5329 X*

443 5359 501 5425 ⁸³8)
518 5363 550 5416 In
569 5363 751 5416 odnotutiono
770 5363 914 5428 addimus,
933 5377 1006 5430 quse
1025 5363 1123 5417 scribit
1141 5363 1282 5416 Minucius
1301 5368 1417 5428 α.16,1
1437 5369 1469 5415 ιιί
1487 5363 1576 5416 emovi·

1328 5451 1362 5503 91
