3925 6675
390 1110 456 1174 422
581 1113 652 1163 arv,
672 1112 787 1162 runnu
806 1111 1020 1162 nacmoumu
1038 1109 1278 1162 umanuanum
1298 1107 1429 1178 roorsoa.

389 1275 536 1357 pulcrum
556 1273 643 1356 quod
660 1272 792 1338 haberet
805 1293 871 1336 non
885 1276 1012 1356 poterat
1025 1271 1089 1336 nisi
1103 1271 1199 1336 unius
1214 1292 1282 1337 esse
1296 1269 1497 1336 Menaechmi
1515 1290 1621 1354 neque

390 1401 480 1444 secus
500 1381 683 1465 significari.
713 1378 914 1464 Ambiguum
928 1383 986 1462 est,
1004 1381 1153 1462 t‘atemur,
1171 1377 1325 1444 iudicium
1341 1377 1379 1442 de
1393 1379 1495 1442 altero
1510 1375 1622 1441 verbo:

389 1486 604 1552 comburamus
627 1487 712 1550 enim
735 1507 869 1550 numero
892 1484 1011 1570 plurali
1034 1487 1138 1570 possis
1162 1485 1312 1570 probare,
1335 1489 1372 1550 ut
1395 1481 1622 1548 Menaechmus

391 1615 425 1657 se
448 1616 513 1657 una
536 1614 610 1658 cum
633 1593 773 1678 parasito
801 1593 888 1657 hunc
916 1592 999 1657 diem
1028 1592 1216 1658 comburere
1239 1592 1269 1656 h.
1285 1613 1310 1656 e.
1330 1611 1517 1656 consumere
1540 1589 1622 1655 velle

390 1699 523 1782 indicet3
549 1722 662 1764 verum
688 1704 795 1763 tamen
822 1699 902 1763 baec
924 1699 1022 1764 verba
1049 1703 1219 1784 petatque
1244 1697 1434 1784 particulam
1463 1699 1623 1782 copulata,

360 1883 365 1892 .
391 1827 529 1890 quorum
553 1806 690 1870 alterum
712 1806 806 1870 alteri
828 1806 1007 1871 necessario
1031 1809 1080 1870 est
1103 1807 1342 1890 supplemento,
1365 1805 1444 1870 adeo
1467 1805 1501 1869 iu
1525 1826 1622 1870 unam

390 1913 582 1978 seutentiam
615 1916 731 1978 coeunt
764 1918 801 1977 ut
828 1914 964 1978 variatio
997 1914 1122 1978 numeri
1150 1914 1296 1978 rideatur
1324 1912 1458 1976 excludi.
1509 1910 1623 1995 Itaque

390 2019 611 2084 existimamus
634 2041 762 2084 versum
785 2019 832 2084 sic
854 2017 1010 2103 scriptum
1033 2021 1133 2086 fuisse

526 2124 616 2192 ctum
634 2147 760 2192 uxorem
774 2133 818 2192 est
830 2128 885 2191 ubi
902 2127 1076 2208 sepulerum
1092 2127 1223 2192 habeam
1242 2133 1332 2210 atque
1349 2126 1432 2192 tuuc
1444 2125 1622 2192 comburam

351 2256 377 2296 ro
1247 2234 1338 2298 diuo.

389 2337 504 2422 Neque
531 2362 679 2404 veremur
706 2362 746 2403 ne
773 2340 890 2404 nimiae
919 2339 982 2404 hoc
1010 2340 1159 2406 audaciae
1187 2340 1351 2406 incusetur
1377 2339 1464 2424 quod
1491 2339 1541 2404 bis
1569 2359 1623 2404 am

389 2467 450 2530 pro
464 2466 556 2512 amus
573 2446 608 2510 in
627 2447 788 2511 continuis
807 2447 930 2540 scilicet
948 2451 980 2511 et
995 2449 1198 2532 comparibus
1214 2447 1384 2512 verborum
1399 2445 1511 2511 formis
1525 2467 1625 2530 pona·

390 2556 456 2635 tur3
480 2573 561 2636 quae
584 2553 646 2617 etsi
668 2573 756 2618 mera
778 2553 938 2618 scribendi
961 2555 1107 2619 socordia
1130 2553 1306 2638 permutari
1330 2557 1492 2637 poterant,
1515 2557 1624 2618 tamen

391 2659 478 2723 haud
504 2658 586 2724 scias
614 2682 655 2723 au
683 2659 884 2744 probabilius
913 2661 956 2725 ait
984 2683 1090 2727 errore
1118 2663 1236 2726 mentis
1263 2665 1430 2746 peccatum
1460 2681 1528 2725 esse
1551 2681 1625 2744 pro

390 2770 500 2850 pterea
524 2767 612 2850 quod
634 2767 776 2851 apertior
799 2767 835 2832 in
855 2767 908 2830 bis
934 2768 1083 2833 invitatio
1106 2768 1251 2834 Peniculi
1280 2768 1533 2852 exspectabatur.
1580 2765 1624 2830 Mt

390 2876 485 2937 erunt
507 2873 642 2939 fortasse
666 2873 762 2938 hodie
780 2875 837 2958 qui
855 2874 966 2940 eodem
985 2896 1080 2939 seusu
1102 2875 1191 2940 ducti
1210 2876 1271 2940 hoo
1291 2873 1377 2958 quod
1395 2873 1623 2939 Menaechmus

390 2979 511 3044 fatetur
532 2979 571 3044 de
594 3002 628 3045 se
650 2980 728 3045 satis
746 3002 812 3046 non
831 3003 900 3046 esse
919 2981 1116 3047 arbitrentur
1134 2982 1174 3046 ad
1192 2981 1368 3066 parasitum
1387 2980 1623 3047 conciliandum

391 3086 484 3170 eique
501 3109 594 3171 spem
611 3109 729 3152 novam
748 3109 843 3152 cenae
862 3088 1101 3154 ostendendam.
1138 3087 1209 3164 Qua
1222 3089 1260 3153 de
1280 3110 1313 3152 re
1331 3111 1371 3153 ue
1390 3111 1488 3173 prave
1506 3087 1623 3152 iudice

391 3197 454 3275 tur,
481 3214 541 3279 age
568 3193 630 3258 iter
657 3195 814 3259 sermonis
842 3195 932 3278 quod
958 3195 1058 3260 fuerit
1081 3218 1190 3261 rursus
1214 3216 1488 3282 recognoscamus.
1535 3193 1623 3272 Quae

350 3322 377 3363 ao
391 3301 477 3365 enim
500 3299 728 3367 Menaechmus
749 3299 843 3388 (123)
866 3302 977 3368 uxoris
1000 3303 1180 3387 puniendae
1203 3324 1298 3369 causa
1321 3303 1463 3368 minatur

525 3408 628 3489 Atque
649 3410 735 3486 odeo,
757 3430 797 3473 ue
818 3430 866 3474 me
888 3412 1076 3491 nequiquam
1098 3430 1206 3490 aeuus,
1230 3410 1265 3475 ob
1288 3431 1357 3476 eom
1380 3411 1571 3475 iudustriam

525 3514 631 3579 Hodie
648 3516 761 3580 dueum
778 3521 912 3580 scortum
929 3517 974 3581 ud
991 3537 1098 3581 curem
1118 3524 1208 3600 utque
1225 3518 1330 3600 aliquo
1349 3518 1509 3582 ouadicum
1525 3518 1623 3599 forus,

392 3620 471 3685 haec
493 3620 577 3685 clam
599 3621 731 3686 audiens
755 3621 926 3687 Peniculus
950 3623 996 3688 ita
1019 3645 1127 3689 secum
1150 3624 1361 3691 ratiocinatur
1385 3622 1537 3710 (12bsq.)

526 3727 601 3792 mic
621 3730 710 3794 bomo
731 3750 764 3795 ee
785 3732 879 3794 uxori
900 3730 1030 3795 simulat
1053 3732 1134 3797 mole
1157 3732 1249 3814 loqui,
1273 3732 1409 3814 loquitur
1431 3732 1527 3807 mitt·

525 3836 613 3900 Num
634 3837 666 3901 ai
684 3838 767 3918 soria
788 3844 883 3915 auu,
901 3839 1038 3919 profecto
1062 3860 1117 3915 uec,
1142 3839 1231 3903 baud
1251 3858 1388 3919 uuoruu,
1410 3837 1577 3903 ulciscitur.

390 3940 510 4007 Metuit
523 3943 609 4009 enim
624 3944 651 4008 si
665 3948 821 4028 patronus
835 3944 914 4009 foris
933 3949 1027 4010 cenat
1046 3967 1086 4009 ne
1105 3947 1194 4010 nulla
1212 3968 1287 4030 pars
1307 3945 1340 4009 in
1359 3967 1396 4009 ee
1410 3967 1488 4009 cena
1502 3943 1564 4009 sibi
1579 3943 1622 4007 sit

390 4050 500 4115 futura
517 4030 614 4135 idqire
632 4056 682 4115 est
700 4051 786 4135 quod
800 4050 895 4138 (147)
915 4053 994 4117 satis
1013 4052 1237 4135 intempestive
1251 4052 1537 4137 interrogationem
1558 4050 1624 4117 Ubi

390 4159 490 4223 essuri
511 4158 642 4224 nemus?
666 4159 850 4243 interponat
873 4164 905 4223 et
928 4158 1042 4223 deinde
1066 4156 1161 4245 (151)
1181 4158 1340 4243 expressis
1362 4158 1468 4224 verbis
1492 4158 1623 4242 aperiat,

391 4286 486 4348 quem
497 4265 559 4329 sibi
570 4270 691 4330 metum
706 4265 787 4331 illud
796 4264 994 4330 Menaechmi
1009 4265 1150 4351 litigium
1166 4288 1238 4330 cum
1252 4286 1350 4330 uxore
1362 4268 1473 4329 natum
1486 4264 1623 4329 incutiat

350 4402 377 4442 ω
766 4372 840 4437 Nou
856 4394 953 4455 perpe
975 4372 1081 4451 herde,
1104 4374 1169 4437 uiau'
1191 4375 1253 4438 seio
1276 4394 1339 4455 qua
1359 4374 1475 4455 pretio,

525 4478 680 4561 Isitipium
704 4479 761 4543 ubi
783 4485 827 4545 est
849 4501 918 4543 eum
940 4500 1052 4545 uuorc:
1076 4500 1109 4543 eo
1133 4482 1178 4543 uu'
1201 4480 1256 4546 aba
1278 4484 1307 4544 te
1329 4499 1417 4544 caveo
1439 4480 1569 4544 cautius.

392 4582 451 4648 Cui
475 4584 562 4668 quod
585 4586 640 4649 ille
663 4586 835 4670 respondet
853 4608 922 4651 esee
941 4584 1003 4651 sibi
1021 4586 1184 4651 nesciente
1202 4608 1303 4651 uxore
1322 4585 1420 4650 alium
1440 4585 1546 4651 locum
1566 4582 1621 4649 obi

391 4712 578 4755 consumere
602 4692 686 4756 diam
709 4692 814 4776 liceat,
838 4693 911 4777 quis
934 4715 1000 4757 non
1019 4692 1116 4775 videt,
1139 4691 1201 4757 hoc
1224 4694 1303 4757 satia
1327 4714 1395 4757 esse
1414 4692 1534 4774 indicii,
1557 4712 1621 4775 quo

391 4796 563 4862 Peniculus
594 4822 628 4863 se
656 4820 721 4863 uon
748 4798 912 4865 exclusum
941 4800 981 4864 iri
1010 4798 1155 4886 colligat:
1188 4822 1252 4883 quo
1280 4800 1365 4864 euim
1393 4798 1457 4863 alio
1485 4798 1621 4864 consilio

391 4906 470 4972 haee
493 4908 616 4991 aperiat
638 4906 886 4973 Menaechmus?
931 4905 1044 4991 Itaque
1068 4928 1157 4991 spem
1182 4908 1322 4971 oblatam
1347 4906 1509 4991 excipiens
1531 4904 1623 4970 Peni-

391 5014 482 5079 culus
505 5013 584 5080 haec
606 5014 739 5079 subiicit
760 5019 866 5078 certus
889 5036 923 5079 se
944 5018 1108 5099 expertem
1131 5036 1196 5079 uon
1223 5014 1306 5098 fore,
1338 5014 1470 5095 Quaado
1493 5032 1620 5095 oeqrrous

391 5141 472 5205 orca,
495 5143 590 5203 quom
613 5142 684 5187 uror
706 5124 836 5187 iuoeudo
858 5122 990 5204 ropum?
1033 5120 1181 5205 Eumque
1204 5123 1290 5185 recte
1315 5122 1451 5185 sensisse
1475 5118 1621 5205 quamvis

391 5248 465 5292 cum
493 5228 741 5314 reprehensione
768 5229 938 5294 confirmat
965 5228 1205 5311 Menaechmus,
1238 5248 1310 5291 cum
1338 5225 1400 5292 hoc
1428 5226 1548 5313 regerit
1580 5226 1623 5290 Te

391 5355 521 5414 morare
544 5337 733 5420 mihiquem
750 5338 914 5420 obloquere.
950 5334 1063 5419 Itaque
1082 5334 1138 5399 illo
1158 5336 1347 5419 argumento
1368 5356 1432 5418 quo
1452 5334 1525 5419 quia
1543 5353 1622 5399 usus
