3925 6675
562 1171 613 1221 DB
632 1169 809 1221 VERSIBUS
826 1168 1039 1220 NONNULLIS
1057 1167 1155 1219 acen
1172 1168 1327 1220 TRAGICI.
1495 1167 1558 1232 451

331 1331 463 1418 plenum
489 1331 543 1396 abi
569 1351 624 1396 uec
653 1329 879 1412 Pelopidamm
905 1350 1018 1394 nornen
1045 1349 1100 1393 uec
1123 1329 1212 1411 sucta
1233 1329 1366 1394 audiam
1390 1327 1456 1415 (rel
1476 1331 1563 1410 sada

330 1459 427 1520 ueqroe
446 1438 572 1520 samam
595 1434 756 1522 audiam),
779 1435 889 1520 modo,
911 1440 1026 1519 utpote
1048 1435 1262 1516 notissimum,
1286 1435 1487 1500 dimidiatum
1510 1437 1564 1501 abi

331 1566 386 1612 uec
412 1544 648 1626 Pelopidamm.
685 1543 807 1620 Quodsi
834 1543 938 1608 oratio
965 1543 1055 1606 nulla
1084 1565 1118 1609 re
1142 1543 1253 1628 augeri
1276 1547 1383 1626 potest
1406 1564 1465 1608 nec
1487 1543 1564 1608 licet

332 1651 559 1734 Pelopidumm
586 1651 621 1714 in
648 1650 829 1715 breviorem
857 1649 993 1715 formam
1017 1651 1215 1734 convertere,
1242 1651 1307 1714 iam
1330 1651 1563 1715 consectarium

330 1759 378 1842 fit,
396 1758 548 1842 quoniam
567 1757 658 1837 umbe,
677 1757 764 1841 quod
782 1779 858 1822 mox
877 1755 1076 1840 probabitur,
1095 1756 1136 1820 ad
1154 1757 1241 1821 hunc
1259 1778 1385 1821 remum
1404 1756 1564 1840 pertinere

330 1887 396 1931 nou
419 1869 540 1949 potest,
565 1863 701 1928 Accium
724 1885 794 1928 eam
818 1885 928 1927 versus
950 1863 1088 1928 formam
1112 1863 1267 1946 voluisse,
1290 1885 1371 1947 quae
1395 1886 1434 1928 ex
1457 1863 1563 1928 verbis

330 1971 458 2037 traditis
480 1971 570 2035 nullu
593 1991 671 2036 voce
694 1975 818 2034 mutate
839 1969 962 2055 prodit:

465 2078 628 2144 Nieitudo
645 2077 831 2142 oblitteretur
846 2076 1073 2159 Pelopidamm
1092 2095 1130 2142 aa
1136 2097 1196 2159 per
1209 2098 1266 2142 uos
1278 2083 1448 2143 suucaescat
1458 2098 1563 2160 penus.

332 2185 395 2263 Qui
417 2185 599 2270 praeclarus
623 2189 673 2248 est
694 2184 782 2248 omni
804 2205 920 2270 genere
937 2187 1138 2267 pentameter
1155 2183 1346 2251 trochaicus.
1384 2183 1468 2262 Quid
1487 2205 1562 2270 ergo

330 2294 394 2360 hoc
420 2315 490 2358 esse
517 2292 667 2375 dicimus,
696 2291 782 2376 quod
810 2291 924 2356 doctos
951 2290 1100 2356 homines
1128 2290 1274 2356 videmus
1297 2313 1407 2356 versus
1430 2289 1563 2356 Acciani
1578 2319 1604 2359 rc

330 2409 397 2466 tem
420 2401 614 2465 sententiam
633 2421 729 2483 quam
748 2398 905 2464 orationis
923 2397 1071 2482 formam,
1094 2402 1264 2482 utramque
1282 2399 1453 2484 egregiam,
1477 2401 1564 2464 omni

330 2508 479 2573 libertate
501 2506 684 2591 corrigendi
705 2505 858 2570 maluisse
881 2506 916 2569 in
938 2503 1080 2570 deterius
1103 2509 1227 2569 mutare
1251 2527 1348 2589 quam
1372 2503 1451 2569 iilud
1470 2507 1564 2570 metri

332 2637 442 2702 genus,
460 2614 547 2700 quod
564 2613 785 2699 proponimus,
805 2633 979 2698 agnoscere
998 2615 1030 2676 et
1050 2613 1267 2697 comprobare,
1285 2632 1358 2676 eum
1377 2614 1563 2695 praesertim

330 2723 394 2806 ipsi
416 2721 624 2806 persentiant,
646 2725 683 2784 ut
706 2741 817 2784 eorum
840 2717 994 2783 adnotata
1017 2721 1184 2800 testantia,
1209 2741 1243 2782 se
1266 2717 1348 2783 nihil
1371 2718 1486 2784 stabile
1509 2723 1566 2784 aut

331 2829 418 2913 qnod
445 2829 524 2914 ipsis
552 2827 745 2892 satisfacerit
771 2826 835 2890 ista
861 2825 1063 2891 coniectandi
1091 2827 1272 2890 temeritate
1299 2829 1463 2892 assecutos
1486 2848 1564 2891 esre.

330 2933 494 2999 Recueent
511 2933 616 3015 fateri,
634 2931 721 3016 qnod
739 2937 887 3015 apertum
905 2936 955 2996 est
971 2951 1032 2994 nec
1050 2931 1160 3016 negari
1180 2935 1296 3015 potest,
1315 2935 1438 2996 veteres
1452 2937 1564 3017 poetas

331 3040 496 3106 Romanos
518 3039 580 3104 hoc
600 3061 717 3125 genere
737 3043 913 3103 metrorum
931 3060 1008 3103 usos
1027 3059 1106 3122 esse,
1129 3039 1216 3121 quod
1235 3037 1364 3103 Graecis
1383 3060 1449 3102 non
1466 3039 1565 3104 inusi-

331 3151 436 3212 tatum
458 3149 559 3212 fuisse
580 3146 767 3212 testimonio
791 3149 824 3210 et
846 3145 1003 3228 exemplis
1025 3149 1161 3228 constet,
1183 3149 1215 3210 et
1234 3145 1321 3228 quod
1340 3144 1505 3210 Bentleius
1524 3169 1564 3211 ne

332 3277 352 3318 a
364 3253 506 3318 Terentii
526 3252 656 3339 quidem
675 3253 847 3317 comoediis
862 3251 1003 3316 alienum
1016 3251 1117 3317 fuisse
1131 3251 1368 3317 demonstravit.
1401 3250 1471 3317 Nos
1486 3253 1564 3318 olim

332 3361 382 3447 (in
399 3360 564 3447 prooemio
583 3360 650 3425 hib.
669 3384 696 3425 a
717 3359 877 3444 1888t89,
896 3359 956 3445 Op.
970 3381 1015 3424 ac.
1030 3360 1065 3424 Ρ.
1080 3378 1092 3423 1
1107 3384 1135 3445 p.
1151 3359 1232 3445 420)
1256 3382 1366 3424 versus
1390 3360 1564 3425 nonnullos
1578 3388 1605 3428 ro

330 3468 499 3533 Ennianos
536 3468 646 3533 eadem
683 3468 817 3533 audacia
848 3466 1037 3532 emendandi
1070 3466 1278 3531 multifariam
1313 3472 1443 3533 vexatos
1476 3469 1565 3533 nulla

295 3576 444 3643 tlittera
470 3574 589 3639 inflexa
616 3576 759 3661 integros
786 3578 819 3639 et
846 3575 964 3639 eximia
991 3578 1059 3638 arte
1081 3574 1238 3639 formatos
1261 3580 1477 3659 pentametros
1500 3580 1565 3642 tro·

332 3682 462 3749 chaicos
485 3704 554 3747 esse
577 3681 768 3766 persuadere
792 3682 987 3764 studuimus,
1010 3682 1139 3759 frustra,
1163 3682 1191 3746 si
1214 3682 1292 3767 quid
1315 3682 1484 3747 Ribbeckii
1503 3687 1565 3748 ter-

332 3790 396 3855 tiae
428 3788 643 3874 recognitioni
670 3789 787 3853 credes.
828 3787 942 3872 Nuper
969 3788 1010 3851 ad
1038 3788 1170 3853 eandem
1199 3788 1419 3871 quaestionem
1446 3792 1565 3855 reversi

332 3895 381 3981 (in
403 3898 494 3960 relat
516 3896 604 3961 acad.
623 3917 649 3959 a.
671 3894 772 3982 1901)
800 3894 942 3959 Terentii
970 3894 1163 3978 quibusdam
1191 3894 1338 3959 versibus
1366 3897 1504 3961 multum
1533 3901 1566 3961 et

332 4002 367 4067 in
404 4003 546 4070 diversas
577 4008 686 4087 partes
718 4002 889 4087 discerptis
921 4000 1056 4065 salutem
1090 4023 1153 4065 non
1187 4005 1334 4067 constare
1366 4002 1564 4068 ostendimus

332 4110 395 4177 nisi
428 4109 485 4175 ilia
515 4110 620 4175 forma
651 4132 762 4173 versus
794 4112 930 4192 recepte.
972 4107 1081 4192 Atque
1113 4112 1151 4172 ut
1182 4130 1291 4171 verum
1319 4108 1479 4172 fateamur
1505 4131 1564 4173 nos

332 4217 380 4283 ite
402 4218 573 4300 sentimus,
601 4217 630 4281 si
657 4217 744 4299 quod
766 4216 867 4282 Accio
894 4215 1091 4282 reddidimus
1119 4236 1218 4278 unum
1244 4218 1328 4279 esset
1350 4214 1446 4279 huius
1470 4218 1564 4281 metri

332 4323 528 4407 exemplum,
562 4322 724 4409 ambigere
755 4345 821 4386 nou
852 4324 948 4387 licere
980 4326 1150 4407 propterea
1182 4321 1268 4405 quod
1299 4322 1424 4385 numeri
1457 4322 1565 4407 pedes-

333 4452 395 4515 que
432 4434 497 4495 tam
534 4434 643 4515 aperte
683 4451 720 4493 ec
758 4434 892 4493 venuste
932 4451 1004 4494 cum
1044 4430 1187 4494 oratione
1224 4452 1261 4496 ac
1297 4430 1456 4495 sententia
1492 4451 1565 4495 con-
1578 4456 1605 4497 aa

333 4536 465 4622 spirant.
515 4535 612 4602 Nunc
649 4538 713 4601 nisi
749 4536 835 4601 fallit
871 4537 981 4621 opinio
1018 4537 1102 4601 iuter
1138 4536 1229 4603 Accii
1265 4536 1418 4621 reliquias
1456 4536 1565 4621 plures

333 4650 410 4711 runt
436 4666 547 4710 versus
574 4666 657 4727 quos
684 4643 896 4727 probabilitas
924 4642 1038 4708 suadet
1065 4648 1102 4707 ut
1128 4643 1180 4709 his
1203 4644 1345 4709 numeris
1368 4644 1565 4730 compositos

333 4756 519 4817 statuemus.

423 4857 486 4923 Sed
512 4857 607 4923 uobis
635 4857 832 4923 redeundum
861 4862 910 4923 est
932 4858 972 4922 ad
996 4857 1080 4923 ouria
1102 4858 1188 4942 quod
1211 4858 1317 4923 versui
1341 4862 1452 4924 nostro
1475 4880 1565 4942 prae

333 4964 432 5029 fixum
461 4969 511 5028 est
533 4988 552 5029 a
574 4963 696 5029 Nouio:
725 4966 777 5029 eui
800 4966 872 5029 voci
895 4969 963 5029 tam
985 4964 1108 5029 nullam
1131 4986 1200 5031 esse
1223 4965 1288 5029 vim
1313 4986 1350 5029 ac
1373 4964 1562 5030 sententiam

333 5069 421 5135 docti
443 5070 655 5157 erediderunt,
677 5076 715 5135 ut
738 5075 795 5136 aut
817 5070 1029 5137 obiiciendum
1052 5093 1121 5137 esse
1144 5076 1201 5137 aut
1223 5072 1345 5137 acriore
1366 5070 1506 5137 remedio
1526 5073 1566 5136 ad

333 5178 504 5243 eemtetem
527 5178 738 5245 revocandam
762 5182 937 5243 censerent.
970 5176 1016 5243 At
1033 5176 1206 5245 Ribbeckii
1228 5180 1311 5245 ratio
1335 5199 1400 5262 qun
1421 5178 1449 5243 is
1467 5178 1567 5243 omae

334 5280 413 5369 (nou
440 5283 538 5373 oeric)
566 5308 605 5349 ex
629 5287 692 5351 alio
715 5284 817 5350 Nonii
839 5287 911 5351 loco
935 5286 968 5349 in
992 5284 1079 5350 bunc
1101 5286 1292 5351 translatum
1316 5307 1386 5351 esse
1409 5284 1472 5349 eibi
1495 5306 1565 5369 per-

333 5391 450 5477 suasit,
479 5392 578 5457 nimis
610 5396 660 5457 eet
686 5392 859 5457 artificiose
887 5392 1047 5477 quaesita,
1080 5412 1177 5477 quam
1205 5414 1287 5477 quae
1314 5392 1408 5457 facile
1435 5392 1565 5477 probari

1299 5498 1351 5549 aa·
