3925 6675
410 1107 477 1170 554
519 1159 524 1174 ,
591 1113 675 1163 exn.
696 1113 812 1164 runnx
829 1115 1044 1168 nsomouuu
1061 1117 1303 1168 maurannus
1324 1117 1455 1185 1sossoc.

408 1291 474 1334 corr
496 1273 650 1338 crederent
672 1281 728 1340 out
749 1277 844 1342 etrum
867 1278 1072 1358 dq‘mdererrt.
1110 1276 1203 1354 Quod
1226 1278 1252 1342 si
1273 1277 1411 1361 fecisset,
1433 1277 1562 1342 facilius
1580 1277 1644 1342 for·

409 1380 495 1442 tasse
517 1380 751 1463 persensissent
773 1383 869 1466 docti,
892 1384 980 1468 quod
999 1407 1039 1449 ne
1057 1405 1143 1448 nunc
1162 1384 1291 1468 quidem
1310 1405 1383 1449 curn
1402 1383 1493 1468 paria
1510 1383 1644 1469 paribus

408 1486 624 1551 adnectimtur
646 1488 818 1554 obscurum
842 1495 900 1576 est,
922 1490 1002 1556 haec
1024 1491 1089 1555 duo
1112 1490 1202 1556 nulla
1220 1513 1254 1555 re
1274 1491 1378 1556 media
1397 1491 1550 1576 coniungi
1568 1495 1643 1575 apte

407 1614 474 1657 non
496 1593 650 1678 potuisse.
688 1594 769 1661 Cum
792 1618 867 1663 vero
890 1597 974 1662 bane
993 1597 1149 1663 orationis
1167 1597 1304 1662 formam
1323 1597 1510 1681 instituerit,
1532 1597 1645 1664 meua

407 1720 472 1766 esse
497 1702 552 1782 qui
578 1722 642 1766 noa
668 1703 835 1782 onear,
862 1705 975 1770 multos
997 1706 1052 1786 qui
1074 1707 1168 1770 etium
1193 1705 1401 1787 defenderent,
1430 1701 1582 1769 credibile
1606 1705 1644 1769 tit

408 1807 503 1891 plura
525 1808 643 1872 similia
665 1829 836 1895 congerere
854 1810 1005 1895 voluisse,
1029 1833 1101 1877 cum
1120 1812 1309 1895 praesertim
1329 1811 1391 1876 hoc
1409 1815 1495 1898 agat,
1518 1815 1555 1874 ut
1572 1811 1644 1896 plu·

408 1913 509 1978 timos
527 1935 596 1979 esse
615 1916 772 1999 ostendat,
790 1919 847 2001 qui
865 1917 928 1981 sibi
946 1916 1177 2002 impedimento
1197 1918 1271 2001 sint,
1290 1915 1462 2002 quominus
1480 1918 1543 1982 iam
1557 1938 1643 1982 nune

409 2017 581 2086 Catilinam
612 2022 868 2088 interficiendum
901 2028 999 2090 curet.
1041 2022 1154 2108 Itaque
1186 2023 1365 2089 cumulasse
1393 2045 1466 2089 eum
1494 2025 1643 2088 consulto

409 2127 612 2211 arbitramur,
635 2130 904 2214 quemadmodum
922 2132 1103 2196 consuevit:
1123 2131 1210 2215 quod
1227 2151 1340 2218 genus,
1357 2135 1395 2196 ut
1412 2129 1475 2196 hoc
1493 2131 1642 2216 exemplo

368 2257 396 2296 ro
409 2239 551 2317 utamur,
574 2237 688 2302 scribit
710 2255 722 2300 1
743 2237 798 2320 13,
816 2237 860 2302 32
884 2238 1038 2304 Polliceor
1059 2237 1114 2304 boo
1135 2239 1227 2317 vobis,
1245 2243 1355 2320 patres
1376 2239 1549 2321 meam,
1572 2243 1643 2304 tarr-

407 2347 474 2407 tom
501 2345 538 2408 r'rr
563 2343 652 2409 nobie
676 2344 851 2411 mutibus
870 2347 938 2427 fore
960 2346 1171 2429 dilipeatiam,
1199 2349 1320 2410 tantem
1343 2346 1380 2410 ia
1401 2343 1487 2411 vobis
1508 2347 1643 2410 orwwri·

406 2454 513 2528 tutem,
540 2456 662 2516 western
689 2453 726 2516 ie
752 2452 904 2533 moedus
925 2453 1082 2518 &monis
1108 2453 1264 2531 victuum,
1292 2457 1413 2517 tentom
1442 2454 1477 2516 ia
1498 2452 1643 2517 meone

407 2555 496 2621 bone
513 2559 749 2643 mundonem,
765 2565 802 2623 ut
815 2559 974 2625 Ootdinoe
986 2561 1177 2642 profectione
1189 2560 1298 2625 ornaris
1306 2560 1467 2642 patefacto
1481 2558 1640 2624 illustrato

407 2683 554 2744 oppresse
575 2665 737 2730 vindicate
759 2685 822 2732 esse
844 2667 985 2733 edoce

497 2769 528 2835 3.
550 2769 603 2836 Ad
625 2770 772 2838 Atticum
796 2773 926 2858 scripsit
945 2772 1056 2838 Cicero
1080 2773 1171 2838 exsul
1194 2793 1267 2838 cum
1291 2777 1375 2837 esset
1392 2771 1640 2838 Thessalonicae

407 2893 447 2939 111
468 2877 525 2961 12,
543 2878 578 2943 3:

566 2986 637 3070 Epo
659 2990 753 3053 eiam
774 3009 858 3053 noue
874 2989 978 3053 eodem
997 2991 1033 3052 r'rr
1050 2987 1113 3053 loeo
1133 2989 1223 3066 iaceo,
1241 2988 1311 3052 siue
1327 3007 1466 3052 serum
1482 2986 1554 3066 ullo,
1572 2988 1641 3052 siae

567 3097 749 3176 oscitatione
769 3095 844 3160 ulle.
881 3095 969 3160 Licet
990 3095 1059 3174 roi,
1086 3101 1121 3160 ut
1142 3093 1264 3172 soem,
1292 3095 1516 3177 stycificurem,
1539 3099 1573 3158 ut
1596 3093 1641 3158 ud

567 3221 615 3266 me
636 3204 757 3267 corbes
777 3205 807 3268 si
830 3203 979 3268 madum
1001 3209 1036 3268 ut
1057 3201 1206 3284 irrtellepo,
1229 3203 1345 3267 outo
1357 3201 1511 3282 prodesse,
1533 3200 1584 3264 bie
1600 3221 1640 3265 ae

365 3323 393 3365 ¹⁰
543 3307 546 3312 ’
567 3308 655 3376 verbo
677 3310 802 3392 quidem
821 3309 922 3375 leoere
940 3330 989 3375 me
1003 3329 1100 3393 posse.
1133 3308 1208 3375 Noc
1226 3329 1300 3391 queo
1313 3307 1412 3391 ploro
1429 3309 1566 3387 sotlec
1584 3329 1639 3373 aee

565 3421 611 3482 est
631 3418 714 3499 qaod
734 3418 886 3483 socom:
907 3424 1010 3482 vestro
1032 3419 1134 3500 moyes
1156 3422 1300 3499 exspecto

406 3522 455 3587 De
480 3522 587 3587 media
613 3522 727 3588 barum
755 3524 915 3588 sententia
937 3524 1025 3589 Licet
1046 3523 1117 3607 tibi,
1143 3530 1178 3587 ut
1201 3544 1257 3607 eqs
1280 3522 1375 3587 nobis
1398 3522 1556 3607 agendum
1580 3528 1638 3603 est,

406 3650 488 3711 quae
512 3631 558 3693 sic
580 3632 617 3693 ut
640 3651 738 3714 supra
760 3631 926 3715 posuimus
949 3630 1070 3715 seripta
1087 3634 1137 3695 est
1154 3632 1189 3695 in
1206 3630 1306 3695 libris.
1343 3626 1381 3693 ln
1401 3650 1466 3713 qua
1483 3630 1570 3714 quod
1588 3636 1637 3695 est

406 3740 586 3801 monstrum
613 3736 762 3801 vocabuli
788 3738 819 3803 si
844 3739 994 3802 dorem
1022 3736 1183 3821 quomodo
1212 3736 1405 3801 domandum
1432 3742 1465 3801 et
1492 3736 1532 3801 ed
1555 3738 1637 3802 sani·

404 3848 505 3907 tatem
528 3843 742 3908 revocandum
765 3844 920 3927 rideatur,
941 3866 1009 3909 non
1029 3842 1181 3907 litterulis
1199 3843 1354 3907 rimandis
1372 3842 1570 3909 hariolorum
1589 3844 1635 3909 iu-

404 3954 472 4015 star
494 3951 637 4015 divinare
660 3950 900 4037 temptabimus,
923 3951 979 4015 sed
1003 3972 1043 4015 ex
1066 3950 1116 4035 iis,
1139 3972 1221 4034 quae
1243 3954 1329 4015 reete
1348 3952 1467 4035 scripta
1487 3955 1563 4015 sunt
1580 3956 1636 4015 ant

404 4058 616 4141 probabiliter
633 4058 809 4141 emendata,
832 4058 987 4123 orationis
1005 4057 1143 4122 formam
1162 4057 1287 4141 assequi
1307 4056 1518 4141 studebimus,
1541 4062 1577 4120 ut
1596 4056 1634 4121 ad

403 4186 474 4229 eam
498 4164 575 4249 quid
598 4166 874 4231 accommodatum
893 4166 937 4230 sit
953 4164 1175 4230 ratiocinando
1195 4163 1392 4249 colligamus.
1430 4162 1542 4247 Itaque
1562 4184 1633 4229 cum

404 4270 515 4338 Cicero
530 4272 615 4337 dieat
627 4274 844 4356 cspaifieorom
858 4272 907 4359 (id
920 4273 1016 4355 enim,
1031 4270 1118 4356 quod
1130 4274 1242 4355 postea
1254 4270 1443 4353 videbimus,
1457 4268 1635 4335 rectissime

361 4390 390 4430 ⁸⁰
403 4378 587 4465 Madvigius
610 4381 752 4444 restituit
774 4401 833 4463 pro
857 4400 894 4443 eo
914 4380 1000 4463 qnod
1019 4382 1069 4443 est
1087 4378 1120 4442 in
1139 4376 1230 4443 libris
1248 4378 1459 4461 stqaifioarcm
1478 4376 1529 4441 rel
1547 4378 1634 4461 quod

403 4484 482 4549 olim
498 4484 693 4573 vulgabatur
706 4486 745 4550 de
759 4486 940 4551 coniectura
954 4484 1094 4550 Victorii
1107 4484 1329 4571 siquitem-tm)
1348 4492 1384 4549 ut
1396 4485 1441 4549 od
1453 4506 1502 4551 me
1513 4486 1634 4550 vestras

402 4597 437 4656 et
458 4592 555 4676 paulo
578 4598 654 4677 post
675 4592 815 4675 melleo
838 4599 866 4657 te
887 4594 958 4658 ostie
975 4593 1127 4675 prodesse,
1151 4592 1202 4657 bic
1222 4612 1261 4657 ne
1285 4592 1371 4657 verbo
1390 4592 1515 4675 pridem
1533 4590 1634 4658 tencre

402 4720 451 4764 me
466 4718 566 4780 posse,
589 4699 798 4783 consequitur
819 4721 893 4765 eum
911 4700 950 4764 de
969 4704 1093 4764 mutata
1111 4704 1217 4765 mente
1235 4700 1335 4783 loqui,
1358 4720 1433 4766 cum
1451 4698 1538 4784 quod
1556 4720 1634 4784 pau·

401 4805 501 4889 lisper
519 4804 706 4871 desiderarit
724 4807 788 4871 iam
806 4828 841 4871 se
858 4808 1037 4892 relinquere
1052 4806 1134 4871 velle
1147 4806 1298 4895 labatem
1318 4804 1414 4891 idque
1428 4804 1527 4871 serbo
1541 4826 1633 4890 opor

401 4911 491 4978 tebat
512 4912 575 4977 diei
594 4934 632 4977 eo
650 4912 723 4978 loeo
742 4912 798 4977 ubi
816 4935 902 4979 nuno
919 4913 1057 4979 habetur
1076 4913 1162 4999 quod
1181 4934 1277 4979 sensu
1297 4918 1390 4977 caret.
1423 4910 1529 4989 Quare
1547 4912 1634 4977 Mad·

401 5020 509 5105 vigius
523 5018 619 5106 (adv.
634 5019 702 5085 crit.
717 5036 757 5084 111
770 5042 801 5105 p.
819 5019 896 5107 110)
916 5021 1003 5105 qnod
1017 5018 1236 5105 reponendum
1251 5020 1375 5085 censuit
1387 5020 1425 5084 r'd
1437 5022 1632 5085 oruittomrss:

401 5126 541 5210 bdeltepo
559 5132 587 5192 te
603 5129 674 5193 istic
692 5150 758 5213 eqs,
780 5128 915 5192 verbnm
933 5128 1142 5212 recuperavit,
1165 5148 1229 5211 quo
1248 5127 1373 5191 nullum
1392 5126 1501 5212 aptius
1520 5126 1554 5191 in
1573 5125 1633 5195 hac

401 5233 546 5298 oratione
564 5234 701 5299 inveniri
719 5236 836 5319 potuit.
867 5232 898 5297 A
917 5256 981 5318 quo
1001 5256 1060 5299 nos
1079 5236 1112 5297 in
1131 5256 1169 5298 eo
1189 5238 1314 5298 tanturn
1333 5232 1526 5299 discedimus
1545 5234 1631 5318 quod

400 5340 437 5405 in
463 5340 595 5407 eandem
622 5344 813 5407 sententiam
840 5340 938 5406 scribi
959 5341 1121 5405 malumus
1144 5340 1180 5405 id
1201 5342 1355 5419 omittam,
1382 5346 1422 5405 ut
1444 5338 1583 5423 intelteyo
1604 5344 1633 5406 te
