3925 6675
726 1127 776 1176 DE
795 1126 970 1177 VERSIBUS
988 1125 1170 1176 ENNIANlS.

571 1290 614 1352 25
660 1308 739 1352 oure
761 1307 907 1369 reportata
928 1287 1043 1351 retiret
1064 1288 1168 1350 acrior

663 1395 750 1460 miles
773 1393 893 1459 redebit.
916 1393 1038 1475 floritio
1062 1393 1182 1456 aderis

661 1505 830 1567 doricum:
853 1521 967 1583 neque
990 1503 1150 1565 emissos
1172 1499 1312 1564 colores

660 1609 751 1673 lano
773 1609 889 1688 refert
912 1609 1097 1671 medicato
1117 1608 1215 1687 fuco,

660 1755 715 1798 neo
736 1754 810 1797 cero
833 1735 940 1814 vetes,
964 1753 1033 1796 erm
1056 1732 1148 1796 semel
1171 1732 1293 1810 orrida,

572 1841 616 1904 30
661 1846 750 1905 erat
771 1840 880 1921 reperti
902 1838 1111 1904 demerita.

327 1950 382 2014 De
401 1949 560 2014 militibus
578 1947 734 2013 Romanis
752 1946 902 2011 videlicet
922 1948 1002 2030 (non
1021 1951 1057 2009 ut
1076 1945 1130 2009 ille
1150 1946 1331 2010 somniabat
1344 1942 1571 2030 Poenorum*)·

327 2054 508 2134 militibus)
543 2056 668 2140 agitur,
702 2076 782 2137 quos
817 2058 927 2138 captos
962 2054 1002 2117 ab
1037 2053 1188 2117 hostibus
1223 2074 1263 2115 ne
1298 2075 1375 2117 auro
1411 2053 1566 2116 redimere

327 2163 438 2228 velint
464 2162 611 2246 patribus
639 2166 753 2226 auctor
780 2166 829 2225 est
857 2160 1002 2246 Regulus
1033 2161 1074 2225 ob
1106 2181 1174 2223 eam
1208 2181 1350 2243 causam,
1383 2161 1459 2242 quia
1492 2180 1567 2222 vera

329 2273 439 2335 virtus
470 2292 542 2334 cum
573 2267 671 2334 semel
701 2268 856 2332 exciderit
884 2268 997 2352 reponi
1029 2266 1241 2331 deterioribus
1271 2289 1338 2331 non
1367 2270 1471 2349 curet,
1500 2287 1567 2329 non
1582 2273 1616 2314 lt

329 2378 440 2462 magis
462 2376 570 2441 hercle
593 2397 690 2459 quam
713 2377 787 2439 lana
811 2396 884 2439 cum
907 2377 1006 2438 semel
1029 2374 1186 2440 medicata
1209 2378 1258 2437 est
1281 2374 1356 2437 fuco
1380 2373 1447 2436 sive
1466 2377 1502 2437 ut
1521 2375 1568 2437 ait

328 2484 461 2547 Ennius
485 2483 605 2546 imbuto
627 2481 947 2547 trememtem
975 2482 1111 2545 amissos
1140 2480 1263 2545 colores
1287 2479 1316 2544 b.
1342 2503 1366 2545 e.
1394 2481 1567 2563 pristinum

330 2590 508 2654 candorem
535 2593 652 2673 potest.
704 2587 757 2652 Sic
785 2589 870 2653 enim
897 2588 976 2653 haec
1004 2586 1131 2652 Horatii
1158 2587 1256 2651 verba
1284 2609 1352 2650 esse
1382 2586 1568 2670 accipienda

329 2698 519 2761 censuimus
552 2717 626 2761 cum
658 2697 833 2779 plerisque,
867 2696 1061 2778 quamquam
1089 2693 1306 2780 Kiesslingius
1340 2693 1436 2758 aliam
1469 2693 1567 2756 inter·

330 2802 483 2887 pretendi
508 2802 593 2866 viam
618 2803 781 2888 ingressus
799 2805 932 2867 omissos
950 2802 1062 2867 coleres
1082 2801 1143 2865 dici
1162 2801 1267 2866 voluit
1284 2823 1350 2865 non
1369 2801 1566 2885 primitivam

329 2911 428 2974 lanae
450 2913 598 2973 natiuam
622 2909 678 2973 sed
700 2913 847 2993 receptos
870 2909 1056 2973 venenando
1082 2909 1216 2991 colores,
1246 2909 1301 2991 qui
1331 2910 1488 2972 vetustate
1516 2906 1566 2971 de-

330 3014 463 3100 pravati
486 3015 613 3079 restitui
637 3036 702 3078 non
725 3016 860 3099 possint.
907 3013 999 3091 Quod
1025 3037 1104 3098 quas
1127 3016 1268 3079 rationes
1291 3014 1408 3079 habeat
1428 3036 1494 3078 non
1513 3013 1568 3079 ob-

331 3144 466 3186 scurum
490 3127 553 3204 est,
581 3123 636 3186 sed
660 3121 822 3206 quomodo
846 3143 919 3186 cum
942 3122 1066 3205 reliqua
1089 3122 1261 3203 sententia,
1290 3121 1342 3186 cui
1365 3142 1494 3185 necesse
1518 3125 1568 3184 est

333 3229 444 3293 simile
467 3229 631 3311 inserviat,
653 3229 843 3294 concilietur
866 3228 1061 3312 ambiguum.
1109 3226 1193 3293 lllud
1211 3232 1318 3293 autem
1337 3227 1431 3292 facile
1451 3227 1567 3291 intelli-

269 3345 315 3400 12
331 3338 426 3423 gitur
449 3334 601 3402 cumbae
619 3334 798 3401 Horatiana
821 3337 980 3400 sententia
1003 3336 1043 3400 ab
1067 3334 1174 3400 Ennio
1199 3337 1380 3400 institutam
1405 3357 1566 3421 compara·
1582 3338 1617 3378 ²⁰·

330 3445 471 3525 tionem,
499 3444 527 3506 si
550 3443 679 3526 quidem
707 3466 746 3507 ex
774 3447 866 3527 parte
894 3443 1035 3507 iudicare
1063 3443 1139 3506 licet
1166 3443 1204 3506 de
1232 3447 1316 3525 toto,
1345 3444 1466 3527 optime
1494 3465 1567 3507 con-

330 3550 444 3614 venire
467 3549 620 3633 potuisse.
666 3548 714 3615 Ut
736 3551 763 3613 si
788 3549 852 3613 luit
879 3549 963 3633 apud
988 3550 1129 3614 Ennium
1153 3548 1297 3635 Regulus
1326 3551 1360 3614 in
1388 3554 1500 3614 senatu
1529 3550 1567 3616 de

332 3656 474 3741 captivis
505 3655 660 3721 Romanis
691 3657 788 3721 verba
817 3656 951 3741 faciens,
981 3657 1068 3739 quod
1099 3657 1249 3721 credibile
1281 3662 1341 3736 est,
1372 3679 1567 3741 quamquam

331 3762 427 3827 nullo
451 3768 539 3827 certo
563 3762 683 3828 indicio
707 3764 923 3846 confirmatur,
947 3764 987 3827 ad
1010 3763 1106 3828 huius
1131 3766 1308 3829 orationem
1328 3765 1383 3828 illa
1402 3786 1469 3827 esse
1489 3764 1568 3828 refe

331 3869 435 3934 reuda
456 3869 625 3953 probabile
649 3872 699 3934 sit.
745 3870 789 3935 Et
821 3871 861 3934 ad
889 3870 1050 3956 Regulum
1083 3870 1210 3954 quidem
1240 3871 1441 3955 probabilius
1471 3894 1567 3955 quam

332 3977 374 4042 ad
398 3976 499 4041 alium
522 3978 631 4042 nescio
656 3999 764 4061 quem:
793 3978 945 4061 qnoniam
973 3980 1070 4041 etiam
1094 3978 1174 4041 aliae
1198 3978 1293 4042 huius
1317 3980 1443 4063 generis
1471 3978 1568 4041 disce-

331 4084 499 4168 ptationes
518 4082 640 4149 Romae
658 4085 797 4167 fuerunt,
816 4085 905 4148 velut
923 4084 957 4147 T.
976 4084 1118 4149 Manlius
1138 4084 1320 4168 Torquatus
1340 4085 1424 4169 apud
1440 4085 1567 4148 Livium

332 4189 425 4275 (ml
440 4188 498 4275 60)
527 4194 603 4274 post
630 4213 771 4276 pugnam
798 4190 995 4255 Cannensem
1024 4191 1167 4275 captivos
1192 4213 1230 4254 ex
1255 4214 1292 4254 ea
1315 4214 1425 4276 pugna
1448 4190 1567 4254 milites

333 4297 500 4362 Romanos
527 4319 593 4361 non
622 4318 691 4362 esse
718 4299 920 4363 redimendos
948 4300 980 4361 in
1008 4303 1119 4362 senatu
1144 4299 1323 4382 ponderosa
1347 4298 1491 4362 oratione
1515 4320 1567 4361 ex-

333 4405 453 4487 posuit.
501 4402 565 4468 Sed
586 4426 645 4468 nos
669 4404 840 4469 Horatium
864 4406 955 4489 sequi
981 4405 1153 4486 malumus,
1183 4406 1236 4488 qui
1269 4405 1366 4469 habet
1390 4410 1473 4469 certe
1497 4427 1566 4469 eam
1582 4406 1612 4447 ω

333 4510 537 4593 sententiam,
562 4511 653 4575 cuius
675 4515 800 4595 partem
823 4534 997 4597 agnoscere
1021 4511 1105 4595 apud
1129 4511 1270 4575 Ennium
1295 4512 1446 4576 videmur.

424 4757 470 4824 ⁸7)
489 4755 533 4828 [ln
553 4773 610 4825 qua
627 4773 658 4811 re
676 4760 771 4811 tamen
790 4774 847 4811 non
866 4757 1067 4829 negligendum
1087 4763 1130 4812 est
1145 4759 1313 4823 Ciceronem,
1333 4758 1381 4827 qui
1401 4758 1505 4813 multus
1526 4763 1569 4812 est

334 4846 369 4900 de
388 4846 493 4916 Reguli
516 4862 585 4900 casu
603 4846 633 4900 iu
651 4846 753 4901 officiis
771 4867 803 4899 111
819 4863 841 4900 c.
857 4852 960 4901 ‘zo—31
982 4850 1011 4901 et
1030 4848 1170 4917 cogitasse
1189 4848 1281 4917 ipsum
1301 4851 1330 4901 et
1347 4847 1487 4918 Regulum
1507 4849 1569 4917 agi-

334 4941 396 4989 tare
415 4934 539 4990 voluisse
558 4935 593 4990 de
611 4936 788 4992 remittendis
807 4936 961 4990 Poenomm
982 4937 1115 5006 captivis;
1135 4940 1163 4991 et
1182 4956 1352 5005 quamquam
1371 4937 1568 5003 ibi‹l.118,ae

334 5024 369 5077 de
387 5025 507 5094 captim
524 5026 724 5080 commutandis
740 5025 881 5096 Regulum
899 5025 1018 5079 Romam
1038 5043 1098 5080 esse
1116 5027 1234 5080 missum
1253 5027 1359 5092 scribit,
1379 5026 1475 5081 statim
1494 5025 1569 5079 hanc

335 5112 478 5181 duplicem
501 5129 615 5167 causam
641 5129 659 5165 a
677 5117 757 5183 parte
775 5115 975 5169 reddendorum
994 5116 1164 5184 captivorum
1183 5116 1318 5184 disputat.
1357 5115 1461 5169 Contra
1478 5114 1568 5168 Hora-

332 5201 406 5255 tium
427 5205 558 5271 apertum
576 5204 620 5255 est
642 5221 724 5256 suum
742 5203 880 5272 ltegulum
904 5204 959 5257 nisi
979 5204 1015 5259 de
1033 5204 1204 5258 redimendis
1223 5205 1411 5259 ltomauorum
1429 5203 1570 5258 militibus

332 5306 389 5343 non
403 5290 579 5360 cogitantem
593 5308 645 5345 nec
660 5294 786 5345 orantem
801 5294 907 5359 facere;
926 5293 1012 5361 idque
1027 5293 1161 5347 credibile
1176 5298 1219 5347 est
1234 5294 1301 5349 item
1317 5295 1346 5347 in
1362 5311 1469 5348 versum
1483 5293 1569 5346 Ennii

332 5380 435 5435 udae
454 5395 539 5448 quem
557 5378 698 5452 dicimus]
