3925 6675
399 1113 467 1178 404
618 1117 690 1167 LIlL
709 1115 824 1166 INDEX
843 1115 1057 1167 uecrromm
1075 1113 1306 1166 AESTIVARUM
1326 1116 1405 1166 1901.

552 1279 664 1360 petria
699 1279 851 1342 decesso
880 1277 1024 1342 homes
1055 1276 1224 1342 omnibus
1255 1276 1309 1341 sed
1340 1275 1495 1341 laetisonis
1526 1281 1632 1340 tomes

557 1386 660 1450 vises
682 1391 744 1449 est.

397 1491 449 1556 Ex
463 1492 580 1575 quibus
594 1490 771 1555 Lambinus
785 1491 917 1573 primus,
931 1489 1006 1554 dein
1019 1489 1202 1576 Madvigius
1218 1487 1312 1574 (Λᾶν.
1327 1489 1397 1552 erit.
1408 1506 1473 1574 11p.
1484 1488 1630 1574 212181,
1648 1507 1669 1564 a

399 1599 510 1662 iisdem
524 1619 625 1682 paene
639 1601 774 1681 uterque
787 1596 967 1661 rationibus
982 1601 1015 1660 et
1030 1595 1135 1660 verbis
1150 1618 1227 1661 usus
1242 1596 1339 1659 verba
1353 1596 1392 1660 ab
1406 1596 1519 1676 inferis
1532 1617 1632 1679 expu-

397 1706 519 1786 lerunt,
546 1708 659 1788 utpote
687 1725 768 1787 quae
796 1705 1071 1787 interpretamenti
1094 1703 1165 1768 loco
1189 1703 1230 1767 ad
1253 1702 1455 1786 insequentia
1470 1722 1573 1784 poeste
1594 1723 1632 1767 ec

399 1811 569 1878 Acheronte
595 1811 755 1895 adscripta
778 1809 931 1894 primum,
957 1817 1034 1894 post
1057 1809 1161 1874 alieno
1185 1810 1257 1875 loco
1282 1810 1315 1873 in
1339 1809 1483 1873 ordinem
1507 1809 1633 1874 invecta

399 1922 514 1982 esseut.
551 1915 615 1981 Sed
638 1916 665 1980 si
688 1917 767 1981 haec
790 1921 916 1981 tantum
940 1917 1061 2000 scripta
1082 1921 1174 1980 erant
1196 1922 1231 1980 ut
1252 1916 1374 1980 haberet
1395 1917 1432 1980 iet
1454 1915 1581 1982 mete
1604 1922 1632 1979 et

396 2025 528 2106 fratrem
558 2026 675 2089 semem
702 2045 808 2088 ream
834 2043 965 2089 samum
993 2029 1021 2087 et
1046 2044 1151 2088 omnes
1178 2023 1322 2088 Metellos
1342 2023 1633 2104 praestatnissimos

397 2133 482 2197 ciros
502 2152 605 2213 paene
631 2153 669 2196 er
690 2131 861 2196 Acheronte
887 2131 1046 2212 caritates,
1074 2131 1128 2193 six
1156 2133 1224 2194 erat
1253 2129 1340 2213 quod
1366 2129 1422 2194 illa
1444 2129 1632 2213 perspicuae

359 2267 385 2308 ιο
399 2238 538 2304 orationi
576 2237 807 2323 interpretandi
839 2258 935 2301 eausa
966 2235 1237 2320 adscriberentur,
1275 2235 1337 2302 nisi
1372 2236 1444 2320 quis
1476 2237 1560 2300 forte
1593 2235 1631 2300 de

399 2345 554 2409 varietate
582 2345 708 2409 dicendi
735 2344 906 2408 admonere
936 2343 1038 2408 voluit
1066 2343 1143 2428 quie
1166 2341 1277 2409 Cicero
1306 2347 1338 2407 et
1365 2343 1462 2426 paulo
1490 2345 1565 2427 post
1587 2343 1631 2406 26

398 2453 438 2516 ab
465 2453 578 2532 inferes
605 2451 784 2516 nomades
806 2455 839 2515 et
860 2472 920 2535 pro
944 2449 1098 2514 Marcello
1122 2449 1235 2514 scribit
1257 2449 1292 2532 6,
1314 2449 1352 2514 17
1378 2449 1491 2514 multos
1515 2449 1633 2515 Caesar

398 2557 438 2622 ab
455 2559 570 2639 inferis
586 2559 732 2623 exalaret
749 2561 782 2622 et
800 2559 835 2622 in
854 2557 962 2621 eadem
981 2578 1015 2621 re
1035 2555 1201 2620 referenda
1219 2557 1264 2620 ita
1277 2555 1423 2640 loquitur
1436 2556 1471 2620 in
1485 2553 1631 2620 Sestiana

398 2665 451 2747 62,
472 2664 536 2728 130
558 2685 628 2730 cum
653 2665 703 2730 elle
725 2685 830 2730 omnes
846 2685 946 2745 prope
968 2664 1007 2728 ab
1029 2664 1143 2745 inferes
1164 2669 1313 2728 evocasset
1332 2662 1489 2740 Metelles;
1512 2661 1569 2728 sed
1591 2685 1632 2728 ne

398 2771 430 2835 id
464 2771 592 2854 quidem
624 2771 717 2836 valde
744 2771 912 2856 probabile
940 2776 989 2836 est
1016 2775 1187 2856 propterea
1215 2771 1300 2855 quod
1329 2772 1426 2836 verba
1452 2771 1492 2836 ab
1518 2773 1633 2853 icfoeis

398 2899 464 2942 non
487 2879 593 2944 alieno
615 2878 687 2944 loco
711 2878 835 2944 adiecta
857 2883 934 2943 sunt
956 2878 1012 2942 sed
1035 2900 1103 2960 suo,
1128 2878 1279 2962 quoniam
1301 2879 1401 2943 frater
1419 2899 1547 2963 quoque
1565 2877 1632 2943 Me-

400 3125 573 3180 Melellum
593 3127 616 3181 O
636 3125 674 3194 (h.
694 3142 717 3179 e.
742 3125 871 3180 codicum
895 3128 1071 3194 consensus);
1096 3125 1162 3179 dein
1181 3123 1288 3178 Halmii
1312 3124 1441 3179 volumen
1464 3125 1631 3180 evolvimus:

398 3231 455 3268 non
474 3214 560 3268 habet
578 3231 681 3268 nomen
699 3213 770 3268 illud
790 3215 820 3267 in
839 3216 919 3268 textu
938 3215 988 3268 ssd
1008 3214 1127 3268 adnotat
1146 3214 1243 3268 illam
1264 3215 1429 3280 Manutius·
1447 3215 1544 3268 illum
1562 3215 1631 3269 Me·

397 3305 513 3360 tellum
531 3303 642 3359 codices.
675 3303 706 3357 Iu
727 3301 872 3358 Orellisna
893 3303 985 3373 prima
1004 3303 1076 3357 nihil
1095 3303 1217 3358 nominis
1236 3303 1265 3357 in
1285 3305 1376 3369 textu,
1400 3304 1430 3357 in
1449 3302 1633 3359 adnotatione

398 3393 489 3448 altum
507 3392 661 3448 silentium.
693 3392 870 3462 Inspeximus
890 3392 1075 3447 Graerianam
1095 3410 1120 3446 a.
1137 3398 1214 3457 1696,
1234 3410 1306 3461 quse
1325 3393 1558 3449 commentarium
1572 3392 1633 3447 Ma·

397 3482 472 3536 nutii
495 3482 636 3535 adnexum
658 3481 753 3535 habet.
785 3481 818 3535 In
840 3484 921 3535 textu
940 3484 975 3535 in
994 3484 1116 3551 quibus
1134 3484 1168 3537 N
1172 3484 1354 3537 umirlieum
1373 3484 1485 3548 illesos,
1508 3482 1538 3536 iu
1558 3499 1633 3537 eom-

398 3571 537 3624 mentario
565 3569 688 3623 Manutii
716 3571 782 3625 etet
805 3579 865 3638 γρῦ,
899 3570 930 3623 lu
953 3570 1084 3625 Lambini
1108 3570 1337 3625 Sanotsndrcans
1360 3588 1384 3626 a.
1406 3576 1474 3625 teet
1499 3572 1528 3625 in
1551 3572 1632 3627 textu

397 3675 501 3714 nomen
524 3675 580 3712 non
603 3658 721 3729 legitur,
744 3659 774 3712 in
798 3658 982 3714 adnotatione
1005 3660 1134 3714 Lambini
1158 3658 1243 3727 nihil,
1266 3676 1436 3729 quamquam
1459 3660 1484 3713 is
1502 3658 1631 3730 pluribus

398 3748 490 3803 verbis
518 3749 579 3819 egit
601 3748 637 3802 de
661 3748 752 3802 verbis
774 3748 875 3803 vicinis
898 3750 933 3803 ct
957 3750 1063 3815 inseris.
1101 3748 1170 3815 Quis
1194 3750 1281 3820 igitur
1304 3752 1348 3803 est
1371 3752 1422 3803 aut
1444 3764 1500 3817 qua
1522 3749 1632 3804 ratione

398 3854 466 3891 usus
483 3837 509 3890 ie
528 3837 577 3906 qui
595 3837 703 3907 primus
721 3837 775 3891 hoc
793 3854 895 3892 nomeu
914 3856 947 3893 ex
967 3836 1109 3893 Ciceronis
1128 3838 1254 3893 oratioue
1274 3837 1407 3893 sustulit?
1428 3838 1457 3891 id
1477 3837 1553 3906 quod
1572 3854 1632 3905 noe,

398 3927 530 3995 quoniam
549 3928 674 3979 nostram
693 3942 807 3981 causam
821 3946 876 3981 uon
891 3926 933 3982 ita
946 3927 1073 3997 attingit,
1092 3927 1232 3981 aditorum
1248 3926 1440 3981 Tullianorum
1456 3926 1630 3997 diligentiae,

398 4032 471 4084 quae
490 4018 597 4083 quantu
620 4016 705 4071 fuerit
724 4016 767 4070 vel
786 4017 840 4071 hoc
858 4016 987 4086 exemplo
1006 4018 1197 4085 cognoscitur,
1220 4016 1414 4085 indagandum
1432 4016 1630 4085 relinquimusz

399 4105 501 4174 quibus
519 4106 550 4158 id
568 4122 680 4173 quoque
699 4110 826 4159 auctores
846 4124 941 4160 sumus
961 4110 993 4161 nt
1012 4105 1182 4175 investigare
1203 4106 1298 4171 velint,
1320 4105 1350 4159 in
1368 4122 1425 4174 qua
1440 4106 1565 4161 editione
1578 4104 1632 4161 hoc

398 4210 499 4249 nomen
518 4195 610 4264 prima
628 4194 811 4260 desideretur,
831 4194 994 4249 consultone
1009 4212 1045 4248 an
1059 4212 1109 4264 per
1123 4210 1244 4249 errorem
1259 4195 1343 4249 verba
1357 4194 1538 4250 Nunside‘eam
1552 4194 1631 4251 utam

399 4286 540 4339 Metellum
564 4287 688 4337 extremo
707 4282 820 4337 nomine
839 4284 986 4337 deminuta
1005 4284 1070 4337 sint.
1102 4282 1160 4337 Nos
1180 4284 1216 4337 ed
1236 4283 1309 4337 hauc
1327 4301 1384 4337 rem
1405 4300 1469 4338 cum
1488 4282 1576 4339 delati
1595 4284 1632 4338 si·

398 4390 460 4427 mus
480 4373 509 4427 in
528 4388 561 4427 eo
576 4372 756 4426 subsistimus
770 4374 803 4425 ut
817 4388 985 4441 quaeramus
999 4372 1121 4426 editores
1135 4373 1237 4427 novicii
1251 4388 1307 4441 quo
1323 4372 1439 4427 coneilio
1454 4373 1507 4426 hoc
1521 4389 1631 4437 nomeu,

399 4462 475 4529 qnod
494 4461 578 4515 simul
597 4461 723 4515 omnium
741 4460 871 4515 codicum
889 4461 945 4515 fide
963 4462 1017 4515 niti
1037 4462 1215 4529 profitentur,
1239 4464 1334 4515 tamen
1355 4461 1468 4516 exulare
1486 4462 1630 4517 iusserint:

400 4551 450 4617 qui
467 4550 492 4603 si
510 4550 713 4615 meminissent,
731 4554 765 4602 ut
782 4549 946 4604 omittemus
961 4549 1105 4603 Numidici
1123 4549 1200 4604 illius
1215 4548 1323 4605 Metelli
1338 4550 1449 4619 quoties
1462 4550 1568 4605 mentio
1583 4550 1633 4605 fist

399 4637 476 4707 apud
495 4636 665 4703 Ciceronem,
684 4638 714 4691 iu
729 4637 858 4692 Sestiana
877 4645 920 4705 ee,
937 4644 987 4693 130
1007 4639 1037 4693 in
1055 4638 1155 4694 eadem
1173 4656 1203 4693 re
1223 4640 1364 4693 narrauda
1378 4639 1420 4693 ita
1434 4640 1491 4693 dici
1506 4648 1536 4695 ut
1549 4644 1632 4696 etiam

401 4725 433 4796 Q.
450 4727 577 4781 Metellus
599 4726 695 4781 consul
714 4768 720 4780 .
737 4769 742 4779 .
759 4770 765 4780 .
784 4728 817 4781 de
840 4744 900 4782 mea
922 4729 1012 4782 solute
1034 4730 1174 4783 rettselerit.
1210 4728 1265 4797 Qui
1282 4730 1417 4784 recitatas
1437 4772 1442 4782 .
1459 4772 1464 4784 .
1484 4730 1517 4784 P.
1533 4730 1633 4786 seete

400 4815 521 4884 eusdem
537 4817 674 4885 pravitate
692 4816 810 4882 dicendi,
830 4834 889 4871 eum
910 4819 955 4871 elle
974 4834 1065 4872 ornnes
1082 4834 1167 4887 prope
1186 4818 1221 4871 ab
1240 4818 1338 4885 inseris
1356 4824 1488 4873 evocasset
1508 4818 1633 4873 Metellos

399 4911 426 4958 et
442 4904 480 4958 od
498 4904 576 4958 illias
593 4906 700 4975 cesseris
719 4948 724 4958 .
741 4948 747 4959 .
767 4906 932 4977 dipesitatem
944 4908 1101 4975 propinqui
1117 4908 1289 4961 retinentem
1304 4948 1310 4959 .
1327 4948 1332 4960 .
1347 4908 1502 4975 reflexisset,
1520 4920 1632 4975 eumpse

399 5010 460 5048 eum
479 4994 517 5048 od
534 4994 674 5049 metet
691 4996 807 5063 mmptt
824 4997 981 5051 manerium
999 5002 1024 5049 et
1038 4996 1076 5050 ad
1090 4995 1266 5051 Numidici
1279 4996 1378 5051 illiers
1394 4995 1526 5050 Metelli
1538 5012 1630 5051 cosses

400 5084 442 5137 vel
458 5084 606 5153 cleriorum
626 5084 668 5138 cel
684 5101 794 5153 praem
811 5088 996 5149 meantem,
1014 5086 1221 5140 cordacre'movs't
1238 5086 1282 5139 vir
1300 5087 1423 5155 eorepiue
1441 5102 1475 5139 oe
1493 5100 1552 5139 vere
1572 5084 1632 5141 Me·

400 5172 479 5227 tellus
497 5188 560 5241 sqs,
579 5172 697 5227 semitm
717 5172 925 5229 intellexissent
941 5172 1015 5227 nihil
1033 5174 1124 5243 magis
1143 5173 1305 5243 appositum
1324 5173 1354 5227 in
1372 5172 1424 5228 illa
1441 5173 1569 5227 oratione
1583 5188 1632 5243 po-

400 5262 488 5315 tuisse
507 5262 602 5329 scribi,
620 5278 706 5331 qnam
725 5263 801 5331 quod
819 5264 965 5317 exaratum
979 5279 1040 5317 esse
1055 5261 1178 5317 inlibris
1193 5262 1305 5331 scriptis
1320 5262 1374 5331 ipsi
1388 5264 1529 5319 testentur
1541 5278 1633 5317 ornnes

405 5352 527 5406 Metellos
548 5394 575 5405 ..
596 5354 627 5407 in
645 5352 744 5422 quibus
762 5352 944 5409 Numidicum
963 5352 1042 5407 ellum
1062 5352 1212 5407 Metellum.
