3925 6675
650 1123 701 1172 as
720 1121 950 1172 manauco
969 1123 1128 1172 venemo
1149 1122 1303 1175 nrnxruo.
1535 1121 1598 1185 149

498 1283 629 1348 damme
651 1284 830 1364 bamam,
853 1304 912 1365 auo
934 1283 1050 1348 salieet
1071 1284 1159 1364 apud
1179 1285 1284 1365 rapias
1301 1303 1394 1348 mores
1412 1284 1458 1348 cel
1475 1284 1598 1349 silentio

497 1392 594 1454 artior
615 1389 662 1455 ael
684 1411 823 1455 sermone
844 1396 920 1455 esset
940 1391 1099 1471 acceptior.
1140 1391 1186 1453 At
1207 1390 1261 1454 ille
1284 1391 1359 1454 dnm
1377 1390 1598 1456 Alexandrum

499 1496 631 1562 Persica
662 1496 867 1562 Macedonem
896 1496 1083 1562 salutatione
1110 1498 1297 1579 pandentem
1326 1497 1470 1580 abiurpnt
1499 1503 1528 1562 et
1556 1499 1601 1562 ad

498 1603 721 1669 Macedonicos
756 1624 856 1669 mores
891 1605 1026 1668 inulam
1066 1624 1207 1669 reuocare
1243 1604 1379 1669 benecole
1414 1611 1598 1685 perseuerat,

496 1713 614 1792 spiritu
643 1731 748 1776 carere
773 1713 879 1775 iussus
904 1731 1008 1775 seram
1036 1711 1162 1792 neplecli
1184 1711 1322 1776 salubris
1343 1711 1468 1776 consilii
1484 1714 1599 1794 paeni·

497 1819 628 1882 witlam
651 1819 720 1900 epit.

360 1922 397 1989 ln
428 1925 483 1989 his
515 1925 602 1989 enim
631 1925 739 1989 verbis
768 1924 986 2009 integerrimis
1016 1922 1165 1989 Halmius
1196 1925 1401 1990 Macedonem
1433 1929 1598 2008 tamquam

363 2032 506 2117 glossam
532 2031 724 2096 eiiciendum
747 2032 876 2116 statuit,
903 2053 1036 2115 eamque
1060 2031 1244 2116 opinionem
1268 2033 1419 2116 probavit
1440 2032 1599 2116 Kampfio.

363 2137 404 2202 ut
428 2145 542 2203 tamen
564 2139 656 2203 locus
679 2139 761 2222 ipse,
790 2160 854 2222 quo
882 2137 944 2202 hoe
967 2160 1084 2202 nomen
1113 2138 1267 2202 insertum
1297 2144 1358 2219 est,
1386 2138 1517 2204 indicio'
1530 2161 1600 2205 esse

364 2249 482 2330 potest,
511 2249 551 2310 ut
580 2249 722 2309 mentem
752 2245 918 2329 scriptoris
948 2266 1164 2329 assequamur,
1195 2246 1251 2328 qui
1280 2247 1432 2310 nimirum
1463 2268 1529 2310 non
1560 2247 1598 2310 de
1614 2273 1640 2313 ro

364 2350 466 2416 nihilo
498 2355 556 2417 aut
584 2356 623 2417 ut
651 2353 796 2438 legentes
826 2351 1013 2417 admoneret
1035 2350 1255 2416 Alexandrum
1284 2352 1490 2418 Macedonem
1522 2376 1600 2437 asse,

368 2459 418 2523 sed
443 2481 511 2543 quo
534 2459 638 2544 magis
662 2460 711 2522 vis
735 2459 888 2523 contrarii
911 2458 1121 2523 extolleretur
1139 2464 1172 2523 et
1191 2463 1227 2522 ut
1245 2457 1374 2524 Persica
1392 2459 1599 2525 Macedonem

368 2565 561 2631 adulatione
587 2566 636 2630 nti
665 2564 816 2631 dedecere
844 2565 1075 2646 subindicaret,
1108 2565 1170 2629 hoc
1205 2567 1343 2650 appositi
1373 2566 1445 2631 loco
1475 2567 1599 2631 adiecit.

369 2671 514 2736 Ilundem
538 2672 679 2757 appositi
702 2694 796 2736 usum
821 2694 896 2756 prae
919 2694 953 2735 se
976 2673 1086 2736 ferunt
1105 2672 1185 2736 haec
1203 2694 1285 2755 quae
1304 2673 1368 2736 iam
1388 2695 1486 2756 supra
1504 2673 1601 2738 allata

372 2785 440 2842 sunt
463 2779 503 2843 de
526 2777 649 2844 Cloelia
675 2779 748 2863 112,
764 2779 805 2844 15
1518 2830 1519 2833 η

498 2888 581 2951 inter
607 2893 721 2952 meras
747 2889 831 2951 enim
861 2888 1000 2968 cirpines
1026 2885 1176 2970 (Cloelia)
1203 2885 1287 2951 obses
1315 2886 1496 2951 Porsennae
1523 2889 1600 2952 data

497 2993 632 3059 hostium
651 2999 799 3059 nodnrm
817 2998 950 3074 tempore
967 2994 1140 3058 custodiam
1158 3013 1279 3076 opressa
1298 3015 1407 3075 mnam
1426 2995 1600 3059 conscendit

498 3100 646 3183 alenam
671 3102 802 3165 traiectu
827 3101 973 3182 fluminis
999 3121 1062 3165 non
1089 3099 1189 3165 solum
1212 3100 1330 3165 obsidio
1353 3121 1397 3179 sc,
1427 3102 1599 3165 sedetiam

499 3213 581 3272 metu
596 3210 743 3290 patriam
765 3207 857 3272 soluit
878 3209 958 3272 cuns
974 3206 1083 3290 puella
1113 3207 1218 3271 lumen
1240 3209 1365 3272 arturis
1383 3209 1599 3290 praeferendo.

383 3307 543 3398 lnqnibus
564 3314 675 3398 puella
697 3314 731 3379 in
754 3319 897 3379 extrema
923 3314 1084 3379 sententia
1106 3315 1265 3380 adiectum
1289 3320 1350 3399 est,
1378 3338 1444 3380 non
1468 3321 1505 3381 ut
1527 3340 1598 3401 per·
1612 3348 1639 3388 m

386 3439 448 3485 sona
463 3422 707 3509 significaretur,
726 3423 803 3486 satis
822 3422 990 3507 designata
1007 3426 1091 3505 ante,
1114 3422 1169 3486 sed
1184 3427 1221 3486 ut
1234 3423 1312 3486 viris
1327 3424 1436 3507 puella
1450 3424 1601 3508 opposita

325 3537 328 3612 t,
388 3526 500 3593 eximiae
526 3530 575 3593 vis
602 3529 707 3593 laudis
735 3550 773 3593 eo
802 3530 904 3615 magis
933 3535 1136 3594 accresceret
1182 3527 1259 3593 Non
1287 3551 1379 3594 secus
1403 3554 1432 3614 p.
1453 3531 1528 3613 305,
1547 3531 1600 3595 20.

499 3637 608 3701 Tertia
621 3636 771 3714 Aemilia,
791 3637 944 3717 Africani
957 3638 1079 3718 prioris
1096 3657 1184 3715 uxor,
1204 3642 1303 3701 mater
1319 3636 1481 3701 Corneliae
1502 3637 1600 3703 Grae·

498 3742 633 3822 cltornm
655 3749 762 3808 tantae
777 3744 842 3824 suit
864 3745 1020 3808 comitatis
1037 3750 1066 3808 et
1077 3746 1261 3825 patientiae,
1284 3751 1319 3808 ut
1337 3765 1405 3809 cum
1425 3747 1516 3809 sciret
1533 3746 1600 3809 ciro

497 3870 554 3916 erro
571 3849 757 3915 anecdotam
772 3872 809 3915 ea
822 3852 889 3915 suis
900 3856 1027 3933 protam
1041 3871 1104 3915 esse
1118 3851 1371 3930 dissimulaverit,
1386 3873 1425 3915 ne
1438 3851 1598 3936 [domina]

498 3959 680 4023 domitorem
708 3958 792 4022 orbis
813 3956 1059 4042 Africanum),
1085 3959 1208 4038 femina
1236 3979 1384 4039 mapnum
1413 3960 1516 4022 airum
1539 3962 1599 4022 im-

492 4066 669 4146 patientiae
690 4086 777 4129 'reum
801 4070 909 4147 operat

391 4207 577 4224 *—

455 4309 514 4381 *26)
533 4310 628 4366 Paene
647 4310 748 4364 mirum
768 4314 811 4364 est
830 4310 935 4363 nemini
954 4310 1133 4380 displicuisse
1148 4313 1315 4378 Africanum
1335 4328 1436 4365 nomen
1456 4311 1598 4367 adiectum

391 4396 533 4453 &seminar
551 4399 665 4455 sublato
684 4416 716 4454 eo
736 4399 873 4453 orationis
892 4399 947 4452 vim
961 4417 1017 4453 non
1033 4401 1129 4454 minui.
1163 4399 1243 4454 Nihil
1257 4404 1352 4454 tamen
1367 4400 1550 4466 affirmamus,
1569 4404 1599 4455 et

390 4478 467 4543 tua
484 4504 586 4560 genere
605 4489 718 4543 omnino
737 4488 808 4542 nihil
827 4488 919 4559 magis
938 4490 1091 4543 cavendum
1112 4493 1155 4543 est
1174 4506 1258 4559 quam
1278 4507 1312 4543 ne
1332 4490 1368 4543 ad
1383 4493 1509 4544 nostrum
1524 4489 1599 4543 arbi-

388 4571 471 4631 hlum
487 4582 614 4633 veterum
634 4596 715 4632 usum
733 4594 871 4646 regamus.
905 4578 991 4634 Velut
1004 4581 1173 4645 Africanum
1191 4579 1373 4647 reliquerunt,
1393 4580 1441 4635 sad
1460 4598 1487 4647 p.
1504 4585 1596 4644 itm

388 4675 433 4717 un
447 4668 557 4734 adflicta
576 4667 717 4723 anneum
735 4668 812 4722 clade
829 4670 896 4723 urbs
910 4678 1005 4725 nostra
1018 4670 1090 4723 nihil
1104 4670 1183 4723 alind
1197 4686 1279 4737 quam
1289 4670 1398 4737 praeda
1411 4670 1522 4723 victores
1535 4686 1599 4736 esse,

325 4809 326 4822 ,
387 4748 550 4824 limana,
572 4757 710 4812 viduetur
727 4756 870 4825 Kampfins
894 4758 929 4813 de
948 4757 1104 4812 Eberhardi
1129 4758 1268 4811 sententia
1291 4774 1391 4812 nomen
1412 4758 1523 4811 delevit.
1557 4757 1599 4811 Ex

387 4837 458 4897 *lien
473 4852 552 4914 perte
569 4863 597 4915 p.
612 4851 656 4915 96,
671 4852 687 4899 6
707 4846 895 4917 Kartlrapinia
912 4850 1027 4917 imperio
1046 4849 1164 4915 almupla
1182 4847 1326 4915 Hispania
1345 4853 1370 4900 et
1383 4846 1496 4901 Siciliae
1514 4852 1598 4915 caput

385 4929 512 5002 Mum,
534 4934 702 5005 Syracusae,
725 4936 904 5004 triumphales
926 4938 1037 5007 inrepere
1060 4953 1158 4990 eumue
1181 4938 1359 5004 nequiverunt
1383 4935 1511 4989 Gertciua
1534 4934 1598 4988 tolli

385 5033 468 5076 maen
481 5024 633 5096 &emesae
651 5024 742 5089 iussit,
762 5042 817 5077 non
835 5026 1007 5080 assentiente
1021 5025 1161 5093 Kempfio;
1181 5029 1212 5078 at
1225 5043 1251 5093 p.
1269 5032 1328 5087 111,
1346 5031 1377 5077 13
1393 5025 1451 5078 Nec
1465 5042 1505 5077 me
1517 5041 1596 5091 prae·

385 5111 445 5177 terit,
465 5114 587 5168 eonditor
605 5113 683 5169 urta
699 5121 821 5180 noarae,
846 5115 973 5182 Romule,
993 5117 1183 5184 principatum
1203 5115 1252 5169 lroc
1270 5115 1320 5168 tili
1338 5117 1369 5166 in
1389 5131 1484 5183 ponere
1504 5112 1596 5165 laudis

383 5199 510 5270 ‘delmi
526 5210 662 5273 oportere,·
679 5204 726 5257 sed
739 5210 844 5272 patere,
862 5204 976 5269 obsecro,
996 5222 1051 5258 uno
1066 5210 1090 5257 te
1099 5206 1248 5273 praecurri
1260 5205 1379 5271 eaemplo
1394 5246 1399 5255 .
1417 5245 1422 5255 .
1438 5204 1504 5269 arria
1520 5203 1595 5254 bern·
1615 5230 1618 5236 ·

381 5286 434 5351 ficio
452 5291 525 5346 illiue
546 5292 669 5359 effectum
692 5300 730 5346 est
752 5309 786 5346 ue
809 5299 866 5345 tam
879 5294 1056 5361 praeclarum
1075 5311 1143 5362 opus
1162 5300 1239 5347 tuum
1259 5294 1349 5347 Rorna
1368 5293 1534 5345 dilaberetur
1552 5291 1594 5341 in-

381 5376 535 5447 temptatum
552 5380 634 5435 stetit
648 5381 738 5435 Roma
756 5397 865 5435 nomen.
898 5380 960 5434 Duo
979 5382 1060 5451 paria
1080 5382 1310 5453 congregavimus
1330 5382 1358 5434 et
1373 5382 1491 5448 apparet
1505 5394 1594 5445 quan-
