3925 6675
668 1165 678 1182 .
727 1114 777 1164 DE
794 1114 928 1166 PLAUTI
945 1112 1193 1164 sfflunucffluls
1517 1110 1583 1176 423

350 1277 471 1342 nostris
494 1276 674 1342 rationibus
701 1276 888 1341 adversetur
914 1273 998 1340 nihil
1025 1273 1207 1339 labefactati
1231 1275 1413 1340 obtinemus
1441 1273 1474 1338 id
1497 1274 1585 1360 quod

349 1385 423 1468 ipsa
445 1384 606 1448 sententia
627 1383 768 1469 flagitari
790 1383 943 1466 diximus,
974 1382 1014 1447 de
1037 1403 1070 1447 se
1094 1382 1165 1466 ipso
1189 1385 1226 1445 ut
1248 1380 1473 1446 Menaechmus
1497 1381 1583 1447 dicat

347 1496 394 1556 ml
414 1490 469 1556 ubi
490 1490 665 1573 sepum
687 1491 817 1556 babeam
840 1495 932 1572 atque
953 1489 1035 1554 hunc
1057 1487 1234 1554 mmbwrcm
1257 1489 1349 1552 diem.

439 1597 529 1662 Haec
541 1621 602 1664 nos
615 1598 654 1662 de
668 1597 828 1662 sententia
842 1601 875 1660 et
888 1596 1044 1661 orationis
1058 1596 1163 1660 forma
1176 1597 1336 1680 persecuti
1348 1617 1459 1660 sumus
1472 1618 1582 1660 versus

348 1727 531 1770 mensuram
551 1706 679 1770 interim
698 1704 781 1769 nihil
800 1707 962 1789 curantes3
981 1707 1078 1788 atque
1091 1702 1154 1768 hoc
1168 1723 1227 1768 nos
1242 1706 1328 1767 recte
1342 1703 1520 1768 instituisse
1535 1726 1583 1768 ar·

350 1813 507 1879 bitramnr
528 1815 562 1877 et
583 1812 625 1877 iis
644 1811 761 1897 quibus
783 1811 863 1876 baec
886 1809 1080 1892 scribuntur,
1102 1830 1168 1873 non
1190 1809 1293 1875 doctis
1316 1808 1502 1874 hominibus
1526 1810 1583 1874 sed

349 1918 556 2001 discentibus,
570 1940 665 2003 saepe
678 1921 826 1984 austures
840 1939 952 1983 sumus
966 1920 1004 1980 ut
1018 1919 1151 1981 caveant
1164 1937 1204 1980 ne
1219 1937 1426 1982 numerorum
1440 1915 1582 1981 modula

295 2035 333 2090 12
349 2027 438 2091 tione
452 2024 491 2089 de
505 2027 664 2090 sententia
678 2029 711 2090 et
724 2025 830 2090 serbis
844 2024 1054 2108 decipiantur.
1086 2021 1181 2088 Nunc
1196 2045 1236 2088 ex
1249 2022 1289 2088 iis
1304 2044 1386 2108 quae
1400 2023 1472 2088 aliis
1487 2023 1582 2088 ratio-

346 2131 443 2198 nibus
463 2132 690 2197 constituimus
709 2133 806 2197 simul
822 2132 886 2196 hoc
903 2130 998 2195 nobis
1014 2130 1152 2216 contigit
1165 2133 1203 2194 ut
1217 2151 1328 2194 versus
1342 2151 1408 2196 non
1422 2130 1582 2215 vitupera-

347 2239 422 2304 bilis
431 2239 543 2304 exiret
561 2239 606 2303 Et
615 2239 648 2302 in
658 2238 935 2323 alteraeiusparte
949 2237 1148 2320 asepcdcam
1160 2238 1260 2302 currit
1271 2258 1422 2302 numerus
1434 2237 1582 2322 expedite
1596 2269 1622 2309 ιο

479 2345 655 2429 sepulcrum
676 2345 807 2411 babeam
830 2351 921 2428 mque
942 2345 1025 2409 bunc
1046 2343 1223 2410 cdmbcoam
1247 2344 1349 2422 diem;

346 2454 381 2518 in
404 2453 564 2538 principio
583 2458 692 2518 autem
713 2451 796 2518 nibil
814 2451 969 2535 estquod
988 2451 1218 2518 correctionem
1237 2451 1383 2536 recipiat:
1407 2453 1488 2517 ctum
1505 2473 1581 2518 scoo-

345 2580 413 2626 rcm
436 2559 558 2644 duplici
580 2559 643 2624 tide
666 2563 860 2643 praestatur;
889 2564 933 2624 eet
953 2558 1009 2624 ubi
1031 2579 1107 2624 vero
1130 2562 1163 2623 et
1187 2559 1373 2623 testimonio
1396 2563 1428 2624 et
1450 2581 1510 2624 usu
1536 2559 1580 2624 di·

345 2666 440 2731 cendi
467 2665 629 2732 declarato
659 2666 883 2732 confirmatum
911 2669 974 2730 est:
1004 2665 1115 2748 itaque
1142 2664 1226 2730 nihil
1252 2669 1352 2730 restat
1375 2665 1437 2730 nisi
1467 2669 1504 2730 ut
1526 2666 1580 2732 ubi

345 2777 488 2838 extrema
516 2772 643 2857 syllaba
669 2773 828 2858 producta
851 2795 870 2836 a
891 2770 1008 2837 Plauto
1032 2772 1175 2857 positum
1203 2771 1403 2837 concedatur.
1449 2771 1494 2836 Et
1516 2773 1580 2840 hoc

345 2901 405 2945 nec
426 2881 552 2944 ratione
575 2885 663 2944 caret
685 2901 745 2944 nec
767 2879 938 2964 exemplis3
959 2901 1035 2944 nam
1058 2879 1113 2944 ubi
1136 2877 1182 2966 (et
1202 2877 1288 2963 quod
1311 2878 1359 2944 illi
1380 2899 1512 2963 compar
1530 2884 1579 2944 est

344 2985 404 3072 ibt)
426 2991 541 3052 notum
564 2990 668 3052 estet
691 2990 845 3052 testatum
869 2990 986 3050 natura
1003 2987 1017 3050 i
1033 2987 1167 3072 longum
1190 2985 1317 3068 habere,
1341 2985 1373 3050 id
1392 2989 1499 3050 autem
1518 3008 1578 3050 usu

344 3093 497 3158 Plautino
521 3093 561 3158 nd
584 3094 775 3158 brevitatem
798 3114 866 3157 esse
890 3092 1089 3176 depressum:
1113 3092 1169 3158 sed
1193 3115 1264 3158 cum
1288 3093 1478 3176 pronomina
1500 3093 1579 3158 meti

342 3200 402 3264 tibi
418 3201 488 3279 nbi,
507 3222 645 3285 quorum
664 3199 774 3265 eadem
793 3203 842 3264 est
860 3203 985 3282 natura,
1004 3220 1198 3284 quamquem
1216 3199 1405 3285 plerumque
1420 3199 1578 3284 syllabam

343 3305 474 3373 finalem
501 3311 681 3392 correptam
708 3305 842 3391 habent,
870 3310 977 3372 tamen
1005 3327 1071 3371 non
1093 3327 1166 3373 raro
1194 3307 1282 3373 etin
1306 3306 1402 3372 variis
1425 3329 1618 3379 versuumn

342 3414 515 3502 generibus
529 3415 728 3499 primitivam
740 3420 888 3479 naturam
902 3414 1045 3499 recipere
1060 3413 1232 3499 videamus,
1248 3436 1304 3480 cur
1317 3415 1379 3480 hoc
1392 3415 1498 3481 minus
1513 3436 1577 3481 cre

341 3520 441 3587 dibile
460 3521 503 3586 sit
521 3520 675 3587 accidisse
694 3522 728 3585 in
748 3522 793 3586 sbi
810 3526 843 3587 et
860 3521 915 3586 ubi
929 3520 1103 3602 particulis.
1131 3520 1290 3607 Exempla
1304 3527 1412 3588 autem
1426 3521 1576 3588 Plautina

341 3628 460 3713 quibus
473 3629 529 3693 ubi
541 3628 689 3693 ultimam
701 3628 893 3712 productam
906 3628 1033 3711 habeat,
1048 3627 1084 3691 R.
1096 3627 1244 3694 Klotnius
1259 3629 1369 3695 attulit
1383 3630 1417 3695 in
1431 3635 1498 3695 arte
1513 3652 1576 3695 me-

341 3736 423 3800 trica
441 3735 619 3819 priscorum
633 3738 802 3819 poetarum
822 3734 1041 3800 Romanorum
1061 3737 1106 3818 (p.
1121 3734 1162 3799 51
1181 3736 1291 3821 ebal),
1309 3738 1344 3801 in
1362 3737 1480 3821 quibus
1499 3742 1576 3803 sunt

340 3842 498 3926 quaedam
521 3864 603 3926 quae
626 3842 681 3907 ille
703 3841 927 3907 subtilioribus
944 3841 1124 3907 rationibus
1142 3842 1284 3907 metricis
1305 3844 1418 3927 effecit,
1442 3848 1478 3908 ut
1497 3846 1575 3909 satis

340 3952 430 4015 certa
443 3971 509 4014 non
522 3949 600 4033 sint3
615 3953 704 4015 certa
717 3954 793 4014 snut
807 3954 839 4014 et
853 3970 894 4013 ne
908 3948 1043 4014 absone
1058 3948 1186 4031 quidem
1201 3948 1574 4032 repudiatalb'uculbtlb

479 4056 563 4138 Quia
584 4056 649 4121 ubi
670 4062 777 4121 amuel
799 4056 998 4121 maclianum
1021 4061 1050 4120 er
1072 4055 1202 4137 clipeum
1220 4056 1364 4137 poscebat
1385 4056 1467 4121 sibi?

340 4161 450 4227 Aulul.
466 4162 532 4226 700

474 4268 531 4335 Ibo
554 4272 646 4347 intro,
668 4269 733 4334 obi
753 4270 792 4333 dc
813 4270 913 4351 capito
935 4289 1001 4335 meo
1023 4276 1096 4335 sunt
1117 4270 1251 4348 cumdio,

339 4376 375 4441 in
401 4375 520 4461 quibus
548 4375 693 4441 versibus
721 4398 786 4440 non
817 4398 877 4441 nos
904 4377 1070 4461 praeterit,
1102 4397 1142 4441 ne
1175 4377 1247 4460 quis
1280 4380 1421 4459 censeat,
1454 4378 1572 4461 quibus
1587 4405 1614 4445 so

338 4481 501 4549 scribendi
523 4486 581 4547 aut
603 4482 789 4548 dimetiendi
812 4482 916 4549 modis
939 4482 1003 4548 hoc
1025 4484 1139 4548 evitari
1166 4484 1284 4567 possit,
1312 4486 1348 4547 ut
1369 4484 1424 4549 ubi
1446 4484 1490 4549 sit
1513 4506 1572 4570 pro

341 4611 418 4656 voce
441 4588 589 4672 iambica,
612 4590 669 4655 sed
692 4612 820 4655 causam
844 4590 1061 4655 desideramus
1085 4612 1148 4675 qus
1168 4612 1262 4655 causa
1280 4596 1467 4657 amoveatur
1485 4593 1572 4676 quod

338 4700 373 4761 et
399 4698 482 4763 ratio
515 4700 643 4762 tueatur
670 4700 703 4763 et
729 4696 891 4782 analogia3
923 4717 983 4760 nec
1013 4696 1159 4783 ignotum
1191 4701 1239 4762 est
1268 4697 1345 4781 quid
1374 4696 1571 4765 Ritssbelius

339 4804 418 4869 olim
448 4804 626 4888 peccaverit
654 4804 740 4888 quod
767 4802 846 4867 mebi
873 4803 930 4868 tus
960 4803 1097 4869 tolerare
1124 4805 1229 4869 noluit
1252 4825 1352 4889 eaque
1380 4826 1473 4891 saepe
1496 4807 1572 4890 leni,

337 4910 475 4975 subinde
493 4910 628 4976 fortiore
648 4932 745 4995 opera
763 4908 940 4996 sustulit*).
982 4908 1094 4995 Itaque
1113 4910 1164 4974 bis
1183 4910 1338 4996 exemplis
1357 4911 1433 4979 freti
1452 4918 1484 4977 et
1498 4936 1571 4978 con·

426 5103 491 5171 'tb)
510 5103 614 5168 Quidni
634 5102 755 5172 exempli
774 5119 860 5159 causa
878 5103 908 5156 in
927 5120 956 5158 re
975 5104 1123 5159 notissima
1142 5102 1285 5159 afferimus
1305 5105 1347 5160 vel
1366 5104 1438 5158 illud
1458 5122 1491 5159 ex
1511 5105 1570 5161 Me-

336 5190 482 5247 naechmis
502 5196 571 5246 llos

588 5268 643 5337 se
659 5283 713 5337 aar
728 5298 826 5339 ‚amm
846 5282 1043 5339 nmmos

336 5368 510 5427 Ritccbelins
530 5356 617 5427 lione
634 5371 688 5426 cet
704 5389 732 5425 n.
748 5372 805 5438 M„
823 5388 918 5441 prave,
936 5388 1109 5440 quamquam
1128 5376 1178 5426 ssi
