3925 6675
814 1118 864 1167 Du
884 1118 1001 1169 ovum
1019 1118 1150 1169 FASTIS.

553 1277 745 1343 Conveniens
767 1281 875 1343 animo
895 1299 994 1361 penus
1016 1286 1059 1345 esi
1081 1279 1154 1356 uba
1178 1280 1278 1344 nobile
1300 1302 1434 1362 euntque

442 1384 506 1449 100
598 1384 710 1450 Pectus
732 1391 760 1449 et
782 1385 954 1450 Herculeae
975 1387 1190 1468 simplicitatis
1210 1387 1311 1459 bobes,
1334 1425 1379 1433 —
1402 1426 1446 1433 ——

442 1492 506 1556 103
552 1492 649 1557 Meris
671 1498 726 1555 tuo
748 1492 892 1557 sublimis
914 1505 1012 1574 supro
1032 1513 1130 1575 penus
1153 1496 1264 1557 conibet
1277 1495 1400 1574 ipsum,

598 1599 766 1664 &auduus
787 1600 912 1679 inperio
935 1620 990 1663 uec
1012 1599 1069 1663 obi
1086 1599 1202 1665 vriooreeu
1226 1603 1305 1665 inest

356 1707 453 1771 etin
479 1705 594 1770 iisdem
617 1706 764 1789 epistolis
788 1706 886 1786 122

551 1813 708 1890 Maxime,
731 1816 787 1893 qui
809 1816 891 1877 iunii
915 1835 1093 1879 comesuram
1117 1815 1255 1878 uooriinis
1278 1815 1388 1895 imples

595 1920 641 1983 Ei
661 1923 805 2002 pominus
827 1923 931 1984 ociori
953 1922 1114 1985 nobilitate
1134 1942 1239 2003 percus.

360 2027 460 2105 Quod
483 2050 560 2092 vero
582 2048 648 2107 por
679 2049 751 2090 cum
776 2030 867 2091 sexto
893 2049 968 2091 casu
992 2027 1145 2111 nominis,
1176 2049 1240 2091 non
1269 2029 1364 2093 tertio
1393 2030 1601 2094 coniunctum

355 2141 427 2217 est,
457 2133 612 2198 Arusiani
641 2133 751 2197 Messii
782 2134 1003 2198 testimonium
1031 2156 1125 2199 nemo
1156 2136 1286 2219 ignorat
1317 2137 1372 2219 qui
1402 2136 1465 2200 hoc
1495 2136 1601 2220 ipsum

360 2246 504 2305 testatur
532 2262 605 2304 eum
634 2240 679 2303 ita
707 2239 821 2304 scribit
844 2243 877 2304 iu
902 2240 999 2307 Keilii
1026 2239 1252 2306 Grammaticis
1276 2241 1401 2306 Latinis
1422 2261 1469 2306 vn
1489 2266 1518 2327 p.
1534 2242 1601 2307 500
1617 2267 1642 2307 ιο

362 2350 442 2432 ‘par
465 2348 525 2411 his.
546 2346 611 2411 Cic.
631 2369 689 2431 pro
710 2345 860 2412 Cluentio
885 2348 1044 2433 “ingenio
1069 2354 1101 2413 et
1124 2349 1243 2412 virtute
1267 2372 1325 2433 par
1348 2350 1398 2413 his
1423 2372 1503 2433 quos
1528 2355 1602 2414 ante

361 2454 576 2519 memoravi.''
602 2478 661 2538 par
678 2454 738 2518 hac
757 2477 798 2518 re.
837 2453 899 2519 Sal.
920 2455 995 2519 hist.
1018 2473 1068 2518 1111
1093 2455 1218 2520 “soclus
1238 2479 1330 2540 pares
1349 2457 1512 2521 moenium
1532 2456 1601 2520 alti-

359 2562 510 2626 tudine.”
534 2584 595 2646 par
617 2583 689 2626 oum
713 2561 773 2625 his.
794 2559 856 2626 Sal.
876 2561 944 2647 lug.
965 2562 1104 2646 “parem
1129 2583 1200 2626 cum
1225 2563 1335 2626 liberis
1358 2563 1422 2627 tuis
1446 2563 1601 2650 regnique

360 2668 556 2752 participem
581 2667 735 2732 fecisti''.’
770 2667 840 2744 Quo
865 2671 967 2755 magis
991 2668 1114 2753 duplici
1138 2670 1284 2753 exemplo
1309 2669 1465 2734 Ovidiano
1491 2670 1602 2734 ceden-

362 2775 440 2839 dum
460 2781 523 2840 est:
542 2776 578 2838 iu
596 2797 659 2856 ouo
671 2796 737 2857 por
753 2777 852 2856 socies
870 2775 1030 2840 nobilitate
1047 2796 1122 2852 suo‚·
1142 2797 1196 2840 ooo
1207 2778 1306 2857 facies
1319 2779 1426 2859 impar
1439 2778 1600 2842 nobilitate

356 2885 434 2961 fuit.
475 2882 563 2958 Quae
587 2882 642 2965 qui
667 2883 855 2965 contulerit,
883 2905 948 2947 non
972 2885 1081 2966 potest
1104 2903 1169 2946 non
1193 2883 1286 2947 fateri
1311 2883 1506 2948 hariolatum
1530 2906 1599 2948 esse

364 2987 557 3052 Merkelium
586 3010 660 3053 cum
688 2988 789 3053 altero
817 2989 890 3054 loco
919 2992 954 3053 iu
981 3011 1044 3070 quo
1072 3011 1146 3073 pars
1172 2991 1271 3070 facies
1293 2990 1452 3055 nobilitate
1473 3012 1532 3056 suo
1556 2997 1600 3055 esi

365 3096 481 3176 ederet,
504 3095 640 3159 alterum
663 3097 891 3178 intemptatum
916 3095 1120 3179 relinqueret.
1159 3095 1222 3172 Qui
1245 3098 1295 3161 vir
1313 3101 1427 3162 acutus
1448 3120 1511 3181 qua
1530 3102 1599 3161 erut

369 3202 487 3286 ingenii
520 3201 729 3285 perversitate
757 3201 797 3264 ab
826 3202 914 3265 omni
941 3202 1149 3286 simplicitate
1178 3203 1336 3298 sentiendi
1365 3204 1469 3268 aliena
1503 3204 1598 3269 nimis

371 3329 462 3392 saepe
491 3330 587 3373 sanae
614 3307 732 3373 rationi
763 3309 976 3395 repugnantia
1004 3309 1186 3396 legentibus
1216 3311 1342 3397 ingerit.
1391 3310 1452 3376 Sed
1476 3311 1598 3377 accedit
1613 3337 1641 3375 so

372 3417 496 3480 tertium
520 3417 703 3498 exemplum
728 3415 839 3479 11758

546 3523 593 3587 Et
612 3524 711 3603 factes
732 3525 840 3586 animo
864 3523 1021 3604 diuisaque
1038 3544 1162 3604 parque
1182 3524 1255 3603 fuit,

382 3629 551 3715 ambiguum
584 3629 665 3693 illud
698 3629 826 3712 quidem
859 3629 915 3693 sed
948 3628 1032 3713 quod
1067 3628 1150 3693 nihil
1182 3630 1317 3714 impedit
1353 3632 1525 3713 quominus
1559 3632 1599 3695 ad

385 3732 501 3801 istorum
524 3758 671 3801 normam
695 3736 902 3820 accipiamus3
927 3758 1122 3820 quamquam
1147 3741 1293 3820 apertum
1317 3742 1366 3801 est
1384 3739 1492 3802 ocimo
1511 3738 1598 3803 ubla-

389 3840 470 3906 livum
491 3866 556 3908 non
579 3844 711 3907 eundem
735 3843 801 3906 vim
825 3842 865 3906 ad
889 3844 988 3925 dipno
1011 3847 1043 3905 et
1067 3842 1106 3905 ad
1123 3865 1189 3925 ραν
1213 3845 1349 3907 relatum
1373 3842 1499 3909 habere.

458 3948 609 4015 Redimus
632 3949 723 4013 illuc:
747 3972 821 4013 num
846 3971 927 4032 quae
952 3953 1131 4032 sequuntur

549 4056 620 4122 Pur
642 4060 749 4121 auimo
772 4078 888 4138 qeioqeoe
908 4058 1014 4137 formo
1037 4078 1092 4121 suo
1114 4058 1283 4138 respondet.
1307 4058 1343 4121 iu
1366 4056 1424 4121 iiio

591 4164 639 4228 Et
657 4184 755 4247 penus
777 4170 805 4228 et
825 4165 924 4244 socies
946 4164 1165 4246 inporeitumque
1186 4165 1283 4227 simod

395 4268 571 4345 gravissimas
595 4270 706 4335 turbas
730 4271 959 4334 excitaverunt.
1005 4270 1237 4335 Praeeuntibus
1262 4272 1347 4334 enim
1371 4269 1449 4335 Iano
1474 4271 1598 4335 Brouk-

395 4363 472 4459 hmo,
491 4375 634 4444 iohanne
653 4375 840 4460 Schradero,
864 4377 941 4441 viris
965 4377 1102 4459 eximiis,
1125 4399 1196 4441 cum
1216 4376 1372 4441 Merkelio
1392 4376 1479 4441 Petri
1499 4377 1597 4443 editio
1612 4403 1639 4441 oo

395 4469 439 4541 hoe
459 4473 616 4550 distichon
644 4485 735 4549 uncie
764 4484 1041 4568 circumscriptum
1071 4488 1108 4548 ut
1131 4484 1275 4567 spurium
1304 4484 1438 4548 notavit.
1485 4481 1598 4567 Neque

396 4599 518 4669 legemus
542 4590 672 4657 omissis
695 4591 821 4656 duobus
845 4591 990 4655 versibus
1014 4611 1096 4673 quae
1119 4594 1243 4655 restant
1266 4590 1396 4655 tolerari
1420 4613 1514 4675 posse

681 4698 765 4763 bade
787 4698 884 4762 traete
908 4698 1038 4761 Marcio
1062 4703 1149 4762 cosio
1170 4718 1275 4780 penus,

547 4806 688 4884 Marcio,
711 4805 853 4887 sacrifico
877 4806 1040 4869 dedudum-
1063 4824 1174 4868 nocuere
1197 4804 1236 4867 ab
1260 4807 1356 4883 Aaou,

367 4893 384 4947 ⁹
448 4909 504 4977 804
595 4912 637 4976 In
659 4934 722 4993 quo
738 4934 805 4993 por
824 4914 923 4993 socies
944 4912 1104 4975 nobilitate
1125 4932 1192 4975 suo.

446 5015 499 5081 807
547 5019 614 5083 Nec
635 5019 718 5101 qood
739 5019 909 5083 wecdomus
929 5020 1075 5099 formum,
1099 5024 1132 5081 tu
1156 5024 1244 5100 turpe
1261 5019 1406 5099 putoris:

592 5126 780 5190 Laudamus
803 5146 935 5208 macnus
958 5126 1018 5189 boo
1039 5146 1155 5206 quoquo
1171 5131 1266 5206 purte
1288 5126 1371 5189 dous.

392 5219 567 5316 Quemquam
591 5232 676 5316 quod
699 5232 861 5297 laudatum
885 5233 999 5296 faeiem
1023 5232 1176 5296 continuo
1201 5231 1321 5315 excipit
1344 5231 1508 5297 excusatio
1527 5230 1596 5293 eius

390 5327 473 5399 lundis
496 5339 559 5403 Neo
579 5341 662 5421 quod
684 5339 854 5404 laudamus
873 5342 1020 5420 sausoio,
1045 5338 1097 5401 eui
1120 5337 1166 5402 rei
1190 5327 1329 5402 multum
1353 5334 1468 5401 tribuit
1486 5338 1519 5400 iu
1539 5357 1598 5400 sua
