<?xml version="1.0" encoding="UTF-8"?>
<!DOCTYPE html PUBLIC "-//W3C//DTD XHTML 1.0 Transitional//EN"
    "http://www.w3.org/TR/xhtml1/DTD/xhtml1-transitional.dtd">
<html xmlns="http://www.w3.org/1999/xhtml" xml:lang="en" lang="en">
 <head>
  <title>
</title>
<meta http-equiv="Content-Type" content="text/html;charset=utf-8" />
  <meta name='ocr-system' content='tesseract 3.04.00' />
  <meta name='ocr-capabilities' content='ocr_page ocr_carea ocr_par ocr_line ocrx_word'/>
</head>
<body>
  <div class='ocr_page' id='page_1' title='image "./iohannisvahleni01vahlgoog/iohannisvahleni01vahlgoog_0215.png"; bbox 0 0 3925 6675; ppageno 0'>
   <div class='ocr_carea' id='block_1_1' title="bbox 516 1130 1598 1196">
    <p class='ocr_par' dir='ltr' id='par_1_1' title="bbox 516 1130 1598 1196">
     <span class='ocr_line' id='line_1_1' title="bbox 516 1130 1598 1196; baseline 0.01 -13"><span class='ocrx_word' id='word_1_1' title='bbox 516 1132 568 1183; x_wconf 83' lang='lat' dir='ltr'>ns:</span> <span class='ocrx_word' id='word_1_2' title='bbox 586 1130 686 1183; x_wconf 78' lang='lat' dir='ltr'>voca</span> <span class='ocrx_word' id='word_1_3' title='bbox 705 1131 969 1183; x_wconf 75' lang='lat' dir='ltr'>couruovnnsa</span> <span class='ocrx_word' id='word_1_4' title='bbox 986 1133 1025 1184; x_wconf 86' lang='lat' dir='ltr'>ru</span> <span class='ocrx_word' id='word_1_5' title='bbox 1044 1132 1222 1184; x_wconf 72' lang='lat' dir='ltr'>suasoris</span> <span class='ocrx_word' id='word_1_6' title='bbox 1239 1133 1447 1185; x_wconf 72' lang='lat' dir='ltr'>emenone.</span> <span class='ocrx_word' id='word_1_7' title='bbox 1535 1131 1598 1196; x_wconf 80' lang='lat'>207</span> 
     </span>
    </p>
   </div>
   <div class='ocr_carea' id='block_1_2' title="bbox 327 1287 1638 5440">
    <p class='ocr_par' dir='ltr' id='par_1_2' title="bbox 360 1287 1600 1913">
     <span class='ocr_line' id='line_1_2' title="bbox 361 1287 1600 1378; baseline 0.002 -21"><span class='ocrx_word' id='word_1_8' title='bbox 361 1291 426 1358; x_wconf 71' lang='grc' dir='ltr'>ἀπὸ</span> <span class='ocrx_word' id='word_1_9' title='bbox 455 1301 518 1357; x_wconf 84' lang='grc' dir='ltr'><strong><em>τοῦ</em></strong></span> <span class='ocrx_word' id='word_1_10' title='bbox 546 1292 609 1377; x_wconf 76' lang='grc' dir='ltr'>ῥῶ,</span> <span class='ocrx_word' id='word_1_11' title='bbox 636 1287 678 1358; x_wconf 86' lang='grc' dir='ltr'>οὗ</span> <span class='ocrx_word' id='word_1_12' title='bbox 706 1293 724 1358; x_wconf 85' lang='grc' dir='ltr'>ὁ</span> <span class='ocrx_word' id='word_1_13' title='bbox 752 1291 884 1377; x_wconf 78' lang='grc' dir='ltr'><strong><em>μέλλων</em></strong></span> <span class='ocrx_word' id='word_1_14' title='bbox 909 1293 999 1378; x_wconf 80' lang='grc' dir='ltr'>ρἀω</span> <span class='ocrx_word' id='word_1_15' title='bbox 1023 1294 1067 1370; x_wconf 82' lang='grc' dir='ltr'>ὡς</span> <span class='ocrx_word' id='word_1_16' title='bbox 1091 1294 1218 1378; x_wconf 79' lang='grc' dir='ltr'><strong><em>δράσω,</em></strong></span> <span class='ocrx_word' id='word_1_17' title='bbox 1247 1294 1345 1378; x_wconf 82' lang='grc' dir='ltr'><strong><em>ῥατὸς</em></strong></span> <span class='ocrx_word' id='word_1_18' title='bbox 1368 1291 1422 1359; x_wconf 78' lang='grc' dir='ltr'>καὶ</span> <span class='ocrx_word' id='word_1_19' title='bbox 1446 1295 1600 1378; x_wconf 81' lang='grc' dir='ltr'><strong><em>ἀρρατος,</em></strong></span> 
     </span>
     <span class='ocr_line' id='line_1_3' title="bbox 360 1399 1599 1489; baseline 0.002 -25"><span class='ocrx_word' id='word_1_20' title='bbox 360 1405 561 1489; x_wconf 70' lang='grc' dir='ltr'><strong><em>πλεονασμῷ</em></strong></span> <span class='ocrx_word' id='word_1_21' title='bbox 584 1410 645 1466; x_wconf 86' lang='grc' dir='ltr'><strong><em>τοῦ</em></strong></span> <span class='ocrx_word' id='word_1_22' title='bbox 674 1400 703 1484; x_wconf 80' lang='grc' dir='ltr'>ῤ.</span> <span class='ocrx_word' id='word_1_23' title='bbox 721 1402 906 1477; x_wconf 59' lang='lat' dir='ltr'>Mercator.</span> <span class='ocrx_word' id='word_1_24' title='bbox 948 1399 1071 1477; x_wconf 80' lang='lat' dir='ltr'>Quodsi</span> <span class='ocrx_word' id='word_1_25' title='bbox 1099 1402 1132 1466; x_wconf 92' lang='lat' dir='ltr'>in</span> <span class='ocrx_word' id='word_1_26' title='bbox 1157 1401 1209 1466; x_wconf 89' lang='lat' dir='ltr'>his</span> <span class='ocrx_word' id='word_1_27' title='bbox 1233 1401 1405 1485; x_wconf 78' lang='lat' dir='ltr'><strong>postremis</strong></span> <span class='ocrx_word' id='word_1_28' title='bbox 1428 1402 1599 1485; x_wconf 89' lang='lat' dir='ltr'>veriloquii</span> 
     </span>
     <span class='ocr_line' id='line_1_4' title="bbox 360 1506 1599 1595; baseline 0.001 -24"><span class='ocrx_word' id='word_1_29' title='bbox 360 1506 545 1591; x_wconf 86' lang='lat' dir='ltr'>explicandi</span> <span class='ocrx_word' id='word_1_30' title='bbox 568 1509 738 1573; x_wconf 72' lang='lat' dir='ltr'><strong>conamina</strong></span> <span class='ocrx_word' id='word_1_31' title='bbox 760 1512 793 1572; x_wconf 92' lang='lat' dir='ltr'>et</span> <span class='ocrx_word' id='word_1_32' title='bbox 811 1509 958 1592; x_wconf 82' lang='grc' dir='ltr'><strong><em>ἀρρατον</em></strong></span> <span class='ocrx_word' id='word_1_33' title='bbox 976 1530 1050 1573; x_wconf 88' lang='lat' dir='ltr'>cum</span> <span class='ocrx_word' id='word_1_34' title='bbox 1069 1507 1200 1595; x_wconf 77' lang='grc' dir='ltr'><strong><em>ἀρρήτῳ</em></strong></span> <span class='ocrx_word' id='word_1_35' title='bbox 1220 1508 1389 1573; x_wconf 80' lang='lat' dir='ltr'>confusum</span> <span class='ocrx_word' id='word_1_36' title='bbox 1409 1508 1599 1591; x_wconf 91' lang='lat' dir='ltr'>omittimus,</span> 
     </span>
     <span class='ocr_line' id='line_1_5' title="bbox 360 1613 1599 1700; baseline 0.002 -23"><span class='ocrx_word' id='word_1_37' title='bbox 360 1635 559 1698; x_wconf 84' lang='lat' dir='ltr'>quamquam</span> <span class='ocrx_word' id='word_1_38' title='bbox 577 1615 612 1678; x_wconf 94' lang='lat' dir='ltr'>in</span> <span class='ocrx_word' id='word_1_39' title='bbox 629 1613 681 1678; x_wconf 88' lang='lat' dir='ltr'>his</span> <span class='ocrx_word' id='word_1_40' title='bbox 700 1618 808 1679; x_wconf 87' lang='lat' dir='ltr'>tamen</span> <span class='ocrx_word' id='word_1_41' title='bbox 825 1615 960 1680; x_wconf 91' lang='lat' dir='ltr'>redeunt</span> <span class='ocrx_word' id='word_1_42' title='bbox 978 1637 1060 1699; x_wconf 88' lang='lat' dir='ltr'>quae</span> <span class='ocrx_word' id='word_1_43' title='bbox 1080 1620 1155 1679; x_wconf 90' lang='lat' dir='ltr'>sunt</span> <span class='ocrx_word' id='word_1_44' title='bbox 1169 1614 1254 1699; x_wconf 93' lang='lat' dir='ltr'>apud</span> <span class='ocrx_word' id='word_1_45' title='bbox 1269 1616 1448 1698; x_wconf 84' lang='lat' dir='ltr'>superiores</span> <span class='ocrx_word' id='word_1_46' title='bbox 1464 1617 1599 1700; x_wconf 74' lang='grc' dir='ltr'><strong><em>ἰσχυρὸς</em></strong></span> 
     </span>
     <span class='ocr_line' id='line_1_6' title="bbox 360 1720 1599 1807; baseline 0.002 -23"><span class='ocrx_word' id='word_1_47' title='bbox 360 1720 379 1804; x_wconf 70' lang='grc' dir='ltr'>ἦ</span> <span class='ocrx_word' id='word_1_48' title='bbox 402 1722 616 1804; x_wconf 77' lang='grc' dir='ltr'><strong><em>δυσκίνητος,</em></strong></span> <span class='ocrx_word' id='word_1_49' title='bbox 638 1721 763 1805; x_wconf 90' lang='lat' dir='ltr'>reliqua</span> <span class='ocrx_word' id='word_1_50' title='bbox 786 1722 894 1786; x_wconf 91' lang='lat' dir='ltr'>omnia</span> <span class='ocrx_word' id='word_1_51' title='bbox 913 1721 1046 1786; x_wconf 88' lang='lat' dir='ltr'>eandem</span> <span class='ocrx_word' id='word_1_52' title='bbox 1064 1743 1140 1806; x_wconf 89' lang='lat' dir='ltr'>prae</span> <span class='ocrx_word' id='word_1_53' title='bbox 1160 1744 1194 1785; x_wconf 91' lang='lat' dir='ltr'>se</span> <span class='ocrx_word' id='word_1_54' title='bbox 1212 1723 1294 1786; x_wconf 89' lang='lat' dir='ltr'>ferre</span> <span class='ocrx_word' id='word_1_55' title='bbox 1314 1722 1472 1807; x_wconf 80' lang='lat' dir='ltr'>originem</span> <span class='ocrx_word' id='word_1_56' title='bbox 1492 1722 1599 1787; x_wconf 92' lang='lat' dir='ltr'>viden-</span> 
     </span>
     <span class='ocr_line' id='line_1_7' title="bbox 360 1828 1598 1913; baseline 0.005 -23"><span class='ocrx_word' id='word_1_57' title='bbox 360 1832 413 1890; x_wconf 87' lang='lat' dir='ltr'>tur</span> <span class='ocrx_word' id='word_1_58' title='bbox 437 1848 545 1911; x_wconf 90' lang='lat' dir='ltr'>neque</span> <span class='ocrx_word' id='word_1_59' title='bbox 564 1828 605 1891; x_wconf 90' lang='lat' dir='ltr'>ad</span> <span class='ocrx_word' id='word_1_60' title='bbox 622 1829 696 1913; x_wconf 91' lang='lat' dir='ltr'>plus</span> <span class='ocrx_word' id='word_1_61' title='bbox 715 1850 812 1912; x_wconf 87' lang='lat' dir='ltr'>quam</span> <span class='ocrx_word' id='word_1_62' title='bbox 833 1829 896 1892; x_wconf 92' lang='lat' dir='ltr'>duo</span> <span class='ocrx_word' id='word_1_63' title='bbox 914 1829 1004 1894; x_wconf 89' lang='lat' dir='ltr'>locos</span> <span class='ocrx_word' id='word_1_64' title='bbox 1023 1828 1208 1892; x_wconf 74' lang='lat' dir='ltr'>Platonicos</span> <span class='ocrx_word' id='word_1_65' title='bbox 1228 1850 1308 1911; x_wconf 92' lang='lat' dir='ltr'>quos</span> <span class='ocrx_word' id='word_1_66' title='bbox 1327 1828 1466 1894; x_wconf 81' lang='lat' dir='ltr'>diximus</span> <span class='ocrx_word' id='word_1_67' title='bbox 1486 1830 1598 1896; x_wconf 88' lang='lat' dir='ltr'>redire.</span> 
     </span>
    </p>

    <p class='ocr_par' dir='ltr' id='par_1_3' title="bbox 451 1932 1597 2020">
     <span class='ocr_line' id='line_1_8' title="bbox 451 1932 1597 2020; baseline 0.002 -21"><span class='ocrx_word' id='word_1_68' title='bbox 451 1932 516 1999; x_wconf 89' lang='lat' dir='ltr'>Sed</span> <span class='ocrx_word' id='word_1_69' title='bbox 535 1933 697 2000; x_wconf 88' lang='lat' dir='ltr'>Usenerus</span> <span class='ocrx_word' id='word_1_70' title='bbox 720 1934 817 1999; x_wconf 88' lang='lat' dir='ltr'>etiam</span> <span class='ocrx_word' id='word_1_71' title='bbox 841 1937 943 2020; x_wconf 86' lang='lat' dir='ltr'>ipsam</span> <span class='ocrx_word' id='word_1_72' title='bbox 966 1936 1105 1999; x_wconf 83' lang='lat' dir='ltr'>formam</span> <span class='ocrx_word' id='word_1_73' title='bbox 1128 1936 1279 2017; x_wconf 84' lang='lat' dir='ltr'>neminie,</span> <span class='ocrx_word' id='word_1_74' title='bbox 1302 1959 1397 2020; x_wconf 90' lang='lat' dir='ltr'>quam</span> <span class='ocrx_word' id='word_1_75' title='bbox 1417 1936 1545 2001; x_wconf 82' lang='lat' dir='ltr'>Plutoni</span> <span class='ocrx_word' id='word_1_76' title='bbox 1565 1939 1597 2001; x_wconf 91' lang='lat' dir='ltr'>in</span> 
     </span>
    </p>

    <p class='ocr_par' dir='ltr' id='par_1_4' title="bbox 360 2038 1638 3086">
     <span class='ocr_line' id='line_1_9' title="bbox 362 2038 1597 2128; baseline 0.005 -25"><span class='ocrx_word' id='word_1_77' title='bbox 362 2038 537 2106; x_wconf 74' lang='lat' dir='ltr'>Phaedone</span> <span class='ocrx_word' id='word_1_78' title='bbox 559 2041 910 2126; x_wconf 83' lang='lat' dir='ltr'>reddendam-censuit,</span> <span class='ocrx_word' id='word_1_79' title='bbox 933 2063 1000 2107; x_wconf 91' lang='lat' dir='ltr'>non</span> <span class='ocrx_word' id='word_1_80' title='bbox 1019 2042 1213 2128; x_wconf 82' lang='lat' dir='ltr'>singularem</span> <span class='ocrx_word' id='word_1_81' title='bbox 1234 2064 1302 2107; x_wconf 88' lang='lat' dir='ltr'>esse</span> <span class='ocrx_word' id='word_1_82' title='bbox 1321 2043 1377 2107; x_wconf 90' lang='lat' dir='ltr'>sed</span> <span class='ocrx_word' id='word_1_83' title='bbox 1395 2043 1493 2108; x_wconf 90' lang='lat' dir='ltr'>semel</span> <span class='ocrx_word' id='word_1_84' title='bbox 1514 2049 1597 2109; x_wconf 88' lang='lat' dir='ltr'>corte</span> 
     </span>
     <span class='ocr_line' id='line_1_10' title="bbox 360 2148 1597 2235; baseline 0.002 -23"><span class='ocrx_word' id='word_1_85' title='bbox 360 2153 528 2232; x_wconf 87' lang='lat' dir='ltr'>praeterea</span> <span class='ocrx_word' id='word_1_86' title='bbox 555 2152 681 2213; x_wconf 85' lang='lat' dir='ltr'>exstare</span> <span class='ocrx_word' id='word_1_87' title='bbox 709 2149 852 2214; x_wconf 89' lang='lat' dir='ltr'>credidit.</span> <span class='ocrx_word' id='word_1_88' title='bbox 890 2148 944 2214; x_wconf 88' lang='lat' dir='ltr'>Sic</span> <span class='ocrx_word' id='word_1_89' title='bbox 971 2149 1056 2214; x_wconf 89' lang='lat' dir='ltr'>enim</span> <span class='ocrx_word' id='word_1_90' title='bbox 1084 2149 1244 2234; x_wconf 90' lang='lat' dir='ltr'>legentem</span> <span class='ocrx_word' id='word_1_91' title='bbox 1272 2150 1395 2235; x_wconf 89' lang='lat' dir='ltr'>relegat</span> <span class='ocrx_word' id='word_1_92' title='bbox 1423 2152 1462 2214; x_wconf 84' lang='lat' dir='ltr'>ad</span> <span class='ocrx_word' id='word_1_93' title='bbox 1488 2148 1597 2215; x_wconf 87' lang='lat' dir='ltr'>iacobi</span> 
     </span>
     <span class='ocr_line' id='line_1_11' title="bbox 361 2252 1638 2342; baseline 0.004 -24"><span class='ocrx_word' id='word_1_94' title='bbox 361 2253 531 2339; x_wconf 85' lang='lat' dir='ltr'>Bernaysii</span> <span class='ocrx_word' id='word_1_95' title='bbox 553 2256 709 2340; x_wconf 89' lang='lat' dir='ltr'>opuscula</span> <span class='ocrx_word' id='word_1_96' title='bbox 726 2252 754 2341; x_wconf 85' lang='lat'>(1</span> <span class='ocrx_word' id='word_1_97' title='bbox 775 2254 863 2342; x_wconf 75' lang='lat'>132),</span> <span class='ocrx_word' id='word_1_98' title='bbox 885 2262 922 2320; x_wconf 93' lang='lat' dir='ltr'>ut</span> <span class='ocrx_word' id='word_1_99' title='bbox 940 2278 1006 2320; x_wconf 92' lang='lat' dir='ltr'>non</span> <span class='ocrx_word' id='word_1_100' title='bbox 1024 2257 1129 2340; x_wconf 82' lang='lat' dir='ltr'>possit</span> <span class='ocrx_word' id='word_1_101' title='bbox 1146 2278 1212 2320; x_wconf 91' lang='lat' dir='ltr'>non</span> <span class='ocrx_word' id='word_1_102' title='bbox 1232 2256 1442 2340; x_wconf 89' lang='lat' dir='ltr'>comprobare</span> <span class='ocrx_word' id='word_1_103' title='bbox 1461 2279 1525 2340; x_wconf 89' lang='lat' dir='ltr'>qua</span> <span class='ocrx_word' id='word_1_104' title='bbox 1543 2257 1598 2321; x_wconf 88' lang='lat' dir='ltr'>ille</span> <span class='ocrx_word' id='word_1_105' title='bbox 1613 2283 1638 2323; x_wconf 82' lang='lat' dir='ltr'>ro</span> 
     </span>
     <span class='ocr_line' id='line_1_12' title="bbox 363 2360 1597 2428; baseline 0.002 -2"><span class='ocrx_word' id='word_1_106' title='bbox 363 2360 561 2426; x_wconf 73' lang='lat' dir='ltr'>divinatione</span> <span class='ocrx_word' id='word_1_107' title='bbox 587 2385 666 2426; x_wconf 89' lang='lat' dir='ltr'>usus</span> <span class='ocrx_word' id='word_1_108' title='bbox 693 2362 826 2427; x_wconf 88' lang='lat' dir='ltr'>eandem</span> <span class='ocrx_word' id='word_1_109' title='bbox 852 2384 964 2427; x_wconf 89' lang='lat' dir='ltr'>vocem</span> <span class='ocrx_word' id='word_1_110' title='bbox 992 2361 1162 2427; x_wconf 80' lang='lat' dir='ltr'>Aristoteli</span> <span class='ocrx_word' id='word_1_111' title='bbox 1189 2363 1372 2427; x_wconf 75' lang='lat' dir='ltr'>vindicavit.</span> <span class='ocrx_word' id='word_1_112' title='bbox 1410 2361 1508 2428; x_wconf 78' lang='lat' dir='ltr'>Cuius</span> <span class='ocrx_word' id='word_1_113' title='bbox 1537 2364 1597 2428; x_wconf 92' lang='lat' dir='ltr'>viri</span> 
     </span>
     <span class='ocr_line' id='line_1_13' title="bbox 363 2461 1596 2555; baseline 0.003 -23"><span class='ocrx_word' id='word_1_114' title='bbox 363 2469 521 2555; x_wconf 76' lang='lat' dir='ltr'>ingeniosi</span> <span class='ocrx_word' id='word_1_115' title='bbox 542 2469 693 2553; x_wconf 87' lang='lat' dir='ltr'>inprimis</span> <span class='ocrx_word' id='word_1_116' title='bbox 711 2470 903 2534; x_wconf 87' lang='lat' dir='ltr'>sententiam</span> <span class='ocrx_word' id='word_1_117' title='bbox 922 2461 1118 2554; x_wconf 88' lang='lat' dir='ltr'>quamquam</span> <span class='ocrx_word' id='word_1_118' title='bbox 1136 2490 1196 2533; x_wconf 89' lang='lat' dir='ltr'>nos</span> <span class='ocrx_word' id='word_1_119' title='bbox 1216 2468 1292 2533; x_wconf 89' lang='lat' dir='ltr'>alibi</span> <span class='ocrx_word' id='word_1_120' title='bbox 1313 2472 1411 2534; x_wconf 89' lang='lat' dir='ltr'>semel</span> <span class='ocrx_word' id='word_1_121' title='bbox 1430 2473 1596 2536; x_wconf 88' lang='lat' dir='ltr'>etiterum</span> 
     </span>
     <span class='ocr_line' id='line_1_14' title="bbox 364 2575 1596 2662; baseline 0.003 -23"><span class='ocrx_word' id='word_1_122' title='bbox 364 2575 552 2662; x_wconf 71' lang='lat' dir='ltr'>redarguere</span> <span class='ocrx_word' id='word_1_123' title='bbox 582 2576 835 2662; x_wconf 88' lang='lat' dir='ltr'>argumentando</span> <span class='ocrx_word' id='word_1_124' title='bbox 864 2577 972 2640; x_wconf 89' lang='lat' dir='ltr'>conati</span> <span class='ocrx_word' id='word_1_125' title='bbox 1000 2598 1124 2659; x_wconf 91' lang='lat' dir='ltr'>sumus,</span> <span class='ocrx_word' id='word_1_126' title='bbox 1155 2580 1277 2660; x_wconf 87' lang='lat' dir='ltr'>tamen,</span> <span class='ocrx_word' id='word_1_127' title='bbox 1310 2579 1462 2660; x_wconf 92' lang='lat' dir='ltr'>quoniam</span> <span class='ocrx_word' id='word_1_128' title='bbox 1491 2600 1528 2642; x_wconf 88' lang='lat' dir='ltr'>ea</span> <span class='ocrx_word' id='word_1_129' title='bbox 1556 2578 1596 2643; x_wconf 89' lang='lat' dir='ltr'>ab</span> 
     </span>
     <span class='ocr_line' id='line_1_15' title="bbox 365 2679 1595 2768; baseline 0.002 -22"><span class='ocrx_word' id='word_1_130' title='bbox 365 2679 505 2747; x_wconf 87' lang='lat' dir='ltr'>Usenero</span> <span class='ocrx_word' id='word_1_131' title='bbox 528 2681 677 2768; x_wconf 86' lang='lat' dir='ltr'>neglecta</span> <span class='ocrx_word' id='word_1_132' title='bbox 698 2683 929 2767; x_wconf 79' lang='lat' dir='ltr'>repudiatoque</span> <span class='ocrx_word' id='word_1_133' title='bbox 952 2683 1112 2766; x_wconf 90' lang='lat' dir='ltr'>videmus,</span> <span class='ocrx_word' id='word_1_134' title='bbox 1139 2703 1206 2747; x_wconf 94' lang='lat' dir='ltr'>non</span> <span class='ocrx_word' id='word_1_135' title='bbox 1228 2682 1490 2766; x_wconf 88' lang='lat' dir='ltr'>detrectabimus,</span> <span class='ocrx_word' id='word_1_136' title='bbox 1518 2707 1595 2768; x_wconf 91' lang='lat' dir='ltr'>quo-</span> 
     </span>
     <span class='ocr_line' id='line_1_16' title="bbox 369 2788 1596 2875; baseline 0.004 -25"><span class='ocrx_word' id='word_1_137' title='bbox 369 2788 470 2852; x_wconf 88' lang='lat' dir='ltr'>minus</span> <span class='ocrx_word' id='word_1_138' title='bbox 493 2791 625 2854; x_wconf 87' lang='lat' dir='ltr'>tertium</span> <span class='ocrx_word' id='word_1_139' title='bbox 649 2789 733 2854; x_wconf 87' lang='lat' dir='ltr'>banc</span> <span class='ocrx_word' id='word_1_140' title='bbox 756 2811 885 2854; x_wconf 72' lang='lat' dir='ltr'>oaumm</span> <span class='ocrx_word' id='word_1_141' title='bbox 908 2811 1056 2875; x_wconf 82' lang='lat' dir='ltr'>agamus,</span> <span class='ocrx_word' id='word_1_142' title='bbox 1083 2789 1110 2853; x_wconf 86' lang='lat' dir='ltr'>si</span> <span class='ocrx_word' id='word_1_143' title='bbox 1134 2789 1218 2854; x_wconf 83' lang='lat' dir='ltr'>forte</span> <span class='ocrx_word' id='word_1_144' title='bbox 1241 2811 1327 2852; x_wconf 89' lang='lat' dir='ltr'>nuno</span> <span class='ocrx_word' id='word_1_145' title='bbox 1351 2791 1536 2875; x_wconf 84' lang='lat' dir='ltr'>contigerit,</span> <span class='ocrx_word' id='word_1_146' title='bbox 1560 2797 1596 2855; x_wconf 91' lang='lat' dir='ltr'>ut</span> 
     </span>
     <span class='ocr_line' id='line_1_17' title="bbox 372 2893 1596 2981; baseline 0.003 -24"><span class='ocrx_word' id='word_1_147' title='bbox 372 2893 434 2959; x_wconf 89' lang='lat' dir='ltr'>viro</span> <span class='ocrx_word' id='word_1_148' title='bbox 460 2895 680 2961; x_wconf 90' lang='lat' dir='ltr'>eruditissimo</span> <span class='ocrx_word' id='word_1_149' title='bbox 708 2918 746 2961; x_wconf 89' lang='lat' dir='ltr'>ea</span> <span class='ocrx_word' id='word_1_150' title='bbox 773 2919 854 2980; x_wconf 91' lang='lat' dir='ltr'>quae</span> <span class='ocrx_word' id='word_1_151' title='bbox 881 2897 975 2960; x_wconf 89' lang='lat' dir='ltr'>nobis</span> <span class='ocrx_word' id='word_1_152' title='bbox 1000 2900 1086 2960; x_wconf 88' lang='lat' dir='ltr'>certa</span> <span class='ocrx_word' id='word_1_153' title='bbox 1109 2896 1258 2960; x_wconf 90' lang='lat' dir='ltr'>videntur</span> <span class='ocrx_word' id='word_1_154' title='bbox 1280 2918 1345 2960; x_wconf 93' lang='lat' dir='ltr'>non</span> <span class='ocrx_word' id='word_1_155' title='bbox 1369 2897 1596 2981; x_wconf 89' lang='lat' dir='ltr'>improbabilia</span> 
     </span>
     <span class='ocr_line' id='line_1_18' title="bbox 377 3003 690 3086; baseline 0.01 -22"><span class='ocrx_word' id='word_1_156' title='bbox 377 3019 434 3064; x_wconf 81' lang='lat' dir='ltr'>esse</span> <span class='ocrx_word' id='word_1_157' title='bbox 454 3003 690 3086; x_wconf 78' lang='lat' dir='ltr'>persuadeatur.</span> 
     </span>
    </p>

    <p class='ocr_par' dir='ltr' id='par_1_5' title="bbox 383 3107 1637 3625">
     <span class='ocr_line' id='line_1_19' title="bbox 453 3107 1596 3195; baseline 0.003 -23"><span class='ocrx_word' id='word_1_158' title='bbox 453 3107 645 3174; x_wconf 78' lang='lat' dir='ltr'>Plutarchus</span> <span class='ocrx_word' id='word_1_159' title='bbox 667 3111 769 3195; x_wconf 88' lang='lat' dir='ltr'>igitur</span> <span class='ocrx_word' id='word_1_160' title='bbox 786 3112 820 3174; x_wconf 93' lang='lat' dir='ltr'>in</span> <span class='ocrx_word' id='word_1_161' title='bbox 839 3109 986 3175; x_wconf 90' lang='lat' dir='ltr'>libellum</span> <span class='ocrx_word' id='word_1_162' title='bbox 1006 3131 1101 3193; x_wconf 91' lang='lat' dir='ltr'>quem</span> <span class='ocrx_word' id='word_1_163' title='bbox 1121 3111 1251 3195; x_wconf 79' lang='lat' dir='ltr'>scripsit</span> <span class='ocrx_word' id='word_1_164' title='bbox 1270 3109 1308 3174; x_wconf 90' lang='lat' dir='ltr'>ad</span> <span class='ocrx_word' id='word_1_165' title='bbox 1327 3109 1537 3194; x_wconf 84' lang='lat' dir='ltr'>Apollonium</span> <span class='ocrx_word' id='word_1_166' title='bbox 1557 3111 1596 3175; x_wconf 91' lang='lat' dir='ltr'>de</span> 
     </span>
     <span class='ocr_line' id='line_1_20' title="bbox 383 3214 1596 3302; baseline 0.006 -27"><span class='ocrx_word' id='word_1_167' title='bbox 383 3214 581 3281; x_wconf 77' lang='lat' dir='ltr'>consolatione</span> <span class='ocrx_word' id='word_1_168' title='bbox 604 3239 677 3282; x_wconf 87' lang='lat' dir='ltr'>oum</span> <span class='ocrx_word' id='word_1_169' title='bbox 702 3238 741 3280; x_wconf 81' lang='lat' dir='ltr'>ex</span> <span class='ocrx_word' id='word_1_170' title='bbox 760 3217 945 3281; x_wconf 85' lang='lat' dir='ltr'>Aristotelis</span> <span class='ocrx_word' id='word_1_171' title='bbox 969 3217 1109 3302; x_wconf 86' lang='lat' dir='ltr'>dialogo,</span> <span class='ocrx_word' id='word_1_172' title='bbox 1133 3217 1183 3282; x_wconf 91' lang='lat' dir='ltr'>cui</span> <span class='ocrx_word' id='word_1_173' title='bbox 1208 3218 1385 3300; x_wconf 89' lang='lat' dir='ltr'>praefixum</span> <span class='ocrx_word' id='word_1_174' title='bbox 1410 3221 1459 3281; x_wconf 89' lang='lat' dir='ltr'>est</span> <span class='ocrx_word' id='word_1_175' title='bbox 1479 3239 1596 3282; x_wconf 92' lang='lat' dir='ltr'>nomen</span> 
     </span>
     <span class='ocr_line' id='line_1_21' title="bbox 386 3314 1637 3409; baseline 0.008 -27"><span class='ocrx_word' id='word_1_176' title='bbox 386 3314 508 3405; x_wconf 75' lang='lat' dir='ltr'>Eudemi,</span> <span class='ocrx_word' id='word_1_177' title='bbox 529 3323 721 3408; x_wconf 75' lang='lat' dir='ltr'>particulam</span> <span class='ocrx_word' id='word_1_178' title='bbox 746 3324 910 3408; x_wconf 90' lang='lat' dir='ltr'>quantivis</span> <span class='ocrx_word' id='word_1_179' title='bbox 934 3324 1030 3409; x_wconf 91' lang='lat' dir='ltr'>pretii</span> <span class='ocrx_word' id='word_1_180' title='bbox 1049 3323 1104 3389; x_wconf 91' lang='lat' dir='ltr'>sed</span> <span class='ocrx_word' id='word_1_181' title='bbox 1123 3347 1141 3388; x_wconf 89' lang='lat' dir='ltr'>a</span> <span class='ocrx_word' id='word_1_182' title='bbox 1161 3325 1280 3390; x_wconf 89' lang='lat' dir='ltr'>criticis</span> <span class='ocrx_word' id='word_1_183' title='bbox 1300 3329 1447 3409; x_wconf 87' lang='lat' dir='ltr'>exparte</span> <span class='ocrx_word' id='word_1_184' title='bbox 1467 3324 1595 3408; x_wconf 90' lang='lat' dir='ltr'>quidem</span> <span class='ocrx_word' id='word_1_185' title='bbox 1610 3351 1637 3392; x_wconf 84' lang='grc' dir='ltr'>ιο</span> 
     </span>
     <span class='ocr_line' id='line_1_22' title="bbox 387 3431 1595 3517; baseline 0.002 -23"><span class='ocrx_word' id='word_1_186' title='bbox 387 3443 477 3504; x_wconf 80' lang='lat' dir='ltr'>parum</span> <span class='ocrx_word' id='word_1_187' title='bbox 503 3431 702 3496; x_wconf 84' lang='lat' dir='ltr'>considerate</span> <span class='ocrx_word' id='word_1_188' title='bbox 729 3436 900 3497; x_wconf 70' lang='lat' dir='ltr'>amatam</span> <span class='ocrx_word' id='word_1_189' title='bbox 928 3432 1114 3517; x_wconf 87' lang='lat' dir='ltr'>recepisset,</span> <span class='ocrx_word' id='word_1_190' title='bbox 1142 3453 1214 3496; x_wconf 90' lang='lat' dir='ltr'>cum</span> <span class='ocrx_word' id='word_1_191' title='bbox 1242 3434 1398 3497; x_wconf 89' lang='lat' dir='ltr'>aliatum</span> <span class='ocrx_word' id='word_1_192' title='bbox 1422 3433 1501 3497; x_wconf 87' lang='lat' dir='ltr'>haec</span> <span class='ocrx_word' id='word_1_193' title='bbox 1525 3432 1595 3496; x_wconf 80' lang='lat' dir='ltr'>ari-</span> 
     </span>
     <span class='ocr_line' id='line_1_23' title="bbox 391 3534 999 3625; baseline 0.012 -29"><span class='ocrx_word' id='word_1_194' title='bbox 391 3534 488 3600; x_wconf 85' lang='lat' dir='ltr'>stotelis</span> <span class='ocrx_word' id='word_1_195' title='bbox 508 3539 698 3623; x_wconf 86' lang='lat' dir='ltr'>perscripsit</span> <span class='ocrx_word' id='word_1_196' title='bbox 720 3538 760 3624; x_wconf 84' lang='lat' dir='ltr'>(c.</span> <span class='ocrx_word' id='word_1_197' title='bbox 779 3539 821 3603; x_wconf 72' lang='lat' dir='ltr'>st</span> <span class='ocrx_word' id='word_1_198' title='bbox 841 3562 872 3623; x_wconf 89' lang='lat' dir='ltr'>p.</span> <span class='ocrx_word' id='word_1_199' title='bbox 894 3538 999 3625; x_wconf 76' lang='lat'>1150)</span> 
     </span>
    </p>

    <p class='ocr_par' dir='ltr' id='par_1_6' title="bbox 327 3642 1635 5440">
     <span class='ocr_line' id='line_1_24' title="bbox 537 3642 1596 3729; baseline 0 -19"><span class='ocrx_word' id='word_1_200' title='bbox 537 3645 690 3722; x_wconf 81' lang='grc' dir='ltr'><strong><em>κάκεῖνος</em></strong></span> <span class='ocrx_word' id='word_1_201' title='bbox 712 3645 893 3729; x_wconf 79' lang='grc' dir='ltr'><strong><em>ὑπολαβὼν</em></strong></span> <span class='ocrx_word' id='word_1_202' title='bbox 917 3647 973 3722; x_wconf 65' lang='grc' dir='ltr'>’ὡς</span> <span class='ocrx_word' id='word_1_203' title='bbox 996 3647 1062 3727; x_wconf 87' lang='grc' dir='ltr'>ἀρα</span> <span class='ocrx_word' id='word_1_204' title='bbox 1085 3648 1129 3729; x_wconf 86' lang='grc' dir='ltr'><strong><em>μή</em></strong></span> <span class='ocrx_word' id='word_1_205' title='bbox 1153 3649 1308 3727; x_wconf 80' lang='grc' dir='ltr'><strong><em>γίνεσθαι</em></strong></span> <span class='ocrx_word' id='word_1_206' title='bbox 1331 3642 1409 3727; x_wconf 75' lang='lat' dir='ltr'>plv&#39;</span> <span class='ocrx_word' id='word_1_207' title='bbox 1431 3648 1495 3729; x_wconf 81' lang='grc' dir='ltr'>ἔφη</span> <span class='ocrx_word' id='word_1_208' title='bbox 1517 3647 1596 3727; x_wconf 69' lang='grc' dir='ltr'><strong><em>’ἀρι-</em></strong></span> 
     </span>
     <span class='ocr_line' id='line_1_25' title="bbox 495 3750 1594 3835; baseline 0 -18"><span class='ocrx_word' id='word_1_209' title='bbox 495 3769 575 3817; x_wconf 86' lang='grc' dir='ltr'><strong><em>στον</em></strong></span> <span class='ocrx_word' id='word_1_210' title='bbox 597 3752 748 3834; x_wconf 78' lang='grc' dir='ltr'><strong><em>πάντων,</em></strong></span> <span class='ocrx_word' id='word_1_211' title='bbox 774 3755 812 3817; x_wconf 89' lang='grc' dir='ltr'><strong><em>τὸ</em></strong></span> <span class='ocrx_word' id='word_1_212' title='bbox 835 3753 873 3817; x_wconf 76' lang='grc' dir='ltr'>δὲ</span> <span class='ocrx_word' id='word_1_213' title='bbox 895 3754 1057 3818; x_wconf 79' lang='grc' dir='ltr'><strong><em>τεθνάναι</em></strong></span> <span class='ocrx_word' id='word_1_214' title='bbox 1081 3761 1141 3817; x_wconf 90' lang='grc' dir='ltr'><strong><em>τοῦ</em></strong></span> <span class='ocrx_word' id='word_1_215' title='bbox 1165 3756 1223 3835; x_wconf 85' lang='grc' dir='ltr'>ζήν</span> <span class='ocrx_word' id='word_1_216' title='bbox 1246 3750 1314 3816; x_wconf 82' lang='grc' dir='ltr'><strong><em>ἐστὶ</em></strong></span> <span class='ocrx_word' id='word_1_217' title='bbox 1337 3765 1497 3835; x_wconf 83' lang='grc' dir='ltr'><strong><em>κρεῖττον.</em></strong></span> <span class='ocrx_word' id='word_1_218' title='bbox 1539 3754 1594 3817; x_wconf 80' lang='grc' dir='ltr'>καὶ</span> 
     </span>
     <span class='ocr_line' id='line_1_26' title="bbox 493 3859 1593 3945; baseline 0 -22"><span class='ocrx_word' id='word_1_219' title='bbox 493 3864 630 3936; x_wconf 73' lang='grc' dir='ltr'><strong><em>πολλοῖς</em></strong></span> <span class='ocrx_word' id='word_1_220' title='bbox 662 3859 749 3924; x_wconf 77' lang='grc' dir='ltr'><strong><em>οὕτω</em></strong></span> <span class='ocrx_word' id='word_1_221' title='bbox 781 3861 870 3945; x_wconf 73' lang='grc' dir='ltr'><strong><em>παρὰ</em></strong></span> <span class='ocrx_word' id='word_1_222' title='bbox 902 3868 963 3923; x_wconf 88' lang='grc' dir='ltr'><strong><em>τοῦ</em></strong></span> <span class='ocrx_word' id='word_1_223' title='bbox 991 3861 1168 3944; x_wconf 75' lang='grc' dir='ltr'><strong><em>δαιμονίου</em></strong></span> <span class='ocrx_word' id='word_1_224' title='bbox 1196 3860 1450 3944; x_wconf 84' lang='grc' dir='ltr'><strong><em>μεμαρτύρηται.</em></strong></span> <span class='ocrx_word' id='word_1_225' title='bbox 1494 3868 1593 3923; x_wconf 92' lang='grc' dir='ltr'><strong><em>τοῦτο</em></strong></span> 
     </span>
     <span class='ocr_line' id='line_1_27' title="bbox 493 3964 1594 4054; baseline -0.002 -23"><span class='ocrx_word' id='word_1_226' title='bbox 493 3966 554 4049; x_wconf 68' lang='grc' dir='ltr'><strong><em>μὲν</em></strong></span> <span class='ocrx_word' id='word_1_227' title='bbox 583 3964 698 4054; x_wconf 78' lang='grc' dir='ltr'><strong><em>ἐκείνῳ</em></strong></span> <span class='ocrx_word' id='word_1_228' title='bbox 725 3974 770 4054; x_wconf 83' lang='grc' dir='ltr'><strong><em>τῷ</em></strong></span> <span class='ocrx_word' id='word_1_229' title='bbox 790 3968 886 4053; x_wconf 79' lang='grc' dir='ltr'><strong><em>Μίδᾳ</em></strong></span> <span class='ocrx_word' id='word_1_230' title='bbox 914 3965 1049 4049; x_wconf 77' lang='grc' dir='ltr'><strong><em>λέγουσι</em></strong></span> <span class='ocrx_word' id='word_1_231' title='bbox 1078 3967 1186 4050; x_wconf 73' lang='grc' dir='ltr'><strong><em>δήπου</em></strong></span> <span class='ocrx_word' id='word_1_232' title='bbox 1213 3967 1294 4047; x_wconf 83' lang='grc' dir='ltr'><strong><em>μετὰ</em></strong></span> <span class='ocrx_word' id='word_1_233' title='bbox 1321 3967 1382 4048; x_wconf 78' lang='grc' dir='ltr'><strong><em>τήν</em></strong></span> <span class='ocrx_word' id='word_1_234' title='bbox 1409 3969 1520 4049; x_wconf 88' lang='grc' dir='ltr'><strong><em>θήραν</em></strong></span> <span class='ocrx_word' id='word_1_235' title='bbox 1549 3967 1594 4042; x_wconf 83' lang='grc' dir='ltr'>ὡς</span> 
     </span>
     <span class='ocr_line' id='line_1_28' title="bbox 327 4066 1588 4159; baseline -0.001 -23"><span class='ocrx_word' id='word_1_236' title='bbox 327 4076 328 4080; x_wconf 70' lang='grc'>’</span> <span class='ocrx_word' id='word_1_237' title='bbox 440 4066 456 4129; x_wconf 74' lang='grc' dir='ltr'>ἶ)</span> <span class='ocrx_word' id='word_1_238' title='bbox 492 4069 589 4155; x_wconf 79' lang='grc' dir='ltr'><strong><em>ἔλαβε</em></strong></span> <span class='ocrx_word' id='word_1_239' title='bbox 617 4074 676 4137; x_wconf 86' lang='grc' dir='ltr'><strong><em>τὸν</em></strong></span> <span class='ocrx_word' id='word_1_240' title='bbox 699 4074 866 4156; x_wconf 84' lang='grc' dir='ltr'><strong><em>Σειληνὸν</em></strong></span> <span class='ocrx_word' id='word_1_241' title='bbox 889 4074 1090 4156; x_wconf 79' lang='grc' dir='ltr'><strong><em>διερωτῶντι</em></strong></span> <span class='ocrx_word' id='word_1_242' title='bbox 1113 4071 1168 4137; x_wconf 82' lang='grc' dir='ltr'>καὶ</span> <span class='ocrx_word' id='word_1_243' title='bbox 1191 4071 1439 4159; x_wconf 80' lang='grc' dir='ltr'><strong><em>πυνθανομένῳ</em></strong></span> <span class='ocrx_word' id='word_1_244' title='bbox 1463 4076 1498 4156; x_wconf 79' lang='grc' dir='ltr'><strong><em>τί</em></strong></span> <span class='ocrx_word' id='word_1_245' title='bbox 1517 4070 1588 4137; x_wconf 80' lang='grc' dir='ltr'><strong><em>ποτ’</em></strong></span> 
     </span>
     <span class='ocr_line' id='line_1_29' title="bbox 493 4177 1594 4262; baseline -0.002 -18"><span class='ocrx_word' id='word_1_246' title='bbox 493 4177 563 4244; x_wconf 78' lang='grc' dir='ltr'><strong><em>ἐστὶ</em></strong></span> <span class='ocrx_word' id='word_1_247' title='bbox 591 4180 629 4245; x_wconf 86' lang='grc' dir='ltr'><strong><em>τὸ</em></strong></span> <span class='ocrx_word' id='word_1_248' title='bbox 651 4179 824 4261; x_wconf 77' lang='grc' dir='ltr'><strong><em>βέλτιστον</em></strong></span> <span class='ocrx_word' id='word_1_249' title='bbox 846 4191 916 4256; x_wconf 83' lang='grc' dir='ltr'><strong><em>τοῖς</em></strong></span> <span class='ocrx_word' id='word_1_250' title='bbox 939 4177 1134 4262; x_wconf 81' lang='grc' dir='ltr'><strong><em>ἀνθρώποις</em></strong></span> <span class='ocrx_word' id='word_1_251' title='bbox 1157 4178 1211 4243; x_wconf 76' lang='grc' dir='ltr'>καὶ</span> <span class='ocrx_word' id='word_1_252' title='bbox 1235 4182 1269 4243; x_wconf 91' lang='grc' dir='ltr'><strong><em>τί</em></strong></span> <span class='ocrx_word' id='word_1_253' title='bbox 1290 4180 1327 4243; x_wconf 88' lang='grc' dir='ltr'><strong><em>τὸ</em></strong></span> <span class='ocrx_word' id='word_1_254' title='bbox 1351 4179 1485 4243; x_wconf 78' lang='grc' dir='ltr'><strong><em>πάντων</em></strong></span> <span class='ocrx_word' id='word_1_255' title='bbox 1509 4180 1594 4261; x_wconf 79' lang='grc' dir='ltr'><strong><em>αἱρε-</em></strong></span> 
     </span>
     <span class='ocr_line' id='line_1_30' title="bbox 492 4283 1594 4370; baseline -0.001 -20"><span class='ocrx_word' id='word_1_256' title='bbox 492 4288 649 4369; x_wconf 85' lang='grc' dir='ltr'><strong><em>τώτατον,</em></strong></span> <span class='ocrx_word' id='word_1_257' title='bbox 667 4288 705 4352; x_wconf 85' lang='grc' dir='ltr'><strong><em>τὸ</em></strong></span> <span class='ocrx_word' id='word_1_258' title='bbox 724 4283 786 4370; x_wconf 67' lang='grc' dir='ltr'><strong><em>μὲν</em></strong></span> <span class='ocrx_word' id='word_1_259' title='bbox 804 4297 937 4370; x_wconf 77' lang='grc' dir='ltr'><strong><em>πρῶτον</em></strong></span> <span class='ocrx_word' id='word_1_260' title='bbox 955 4283 1058 4351; x_wconf 74' lang='grc' dir='ltr'><strong><em>οὐδὲν</em></strong></span> <span class='ocrx_word' id='word_1_261' title='bbox 1077 4285 1209 4351; x_wconf 78' lang='grc' dir='ltr'><strong><em>ἐθέλειν</em></strong></span> <span class='ocrx_word' id='word_1_262' title='bbox 1223 4289 1329 4350; x_wconf 81' lang='grc' dir='ltr'><strong><em>εἰπεῖν</em></strong></span> <span class='ocrx_word' id='word_1_263' title='bbox 1344 4285 1427 4350; x_wconf 85' lang='grc' dir='ltr'><strong><em>ἀλλὰ</em></strong></span> <span class='ocrx_word' id='word_1_264' title='bbox 1442 4295 1594 4350; x_wconf 81' lang='grc' dir='ltr'><strong><em>σιωπᾶν</em></strong></span> 
     </span>
     <span class='ocr_line' id='line_1_31' title="bbox 492 4392 1635 4477; baseline 0.002 -20"><span class='ocrx_word' id='word_1_265' title='bbox 492 4392 681 4477; x_wconf 80' lang='grc' dir='ltr'><strong><em>ἀρρήτως·</em></strong></span> <span class='ocrx_word' id='word_1_266' title='bbox 710 4392 823 4476; x_wconf 78' lang='grc' dir='ltr'><strong><em>ἐπειδὴ</em></strong></span> <span class='ocrx_word' id='word_1_267' title='bbox 852 4392 892 4458; x_wconf 79' lang='lat' dir='ltr'>de&#39;</span> <span class='ocrx_word' id='word_1_268' title='bbox 916 4415 996 4459; x_wconf 77' lang='lat' dir='ltr'>rcere</span> <span class='ocrx_word' id='word_1_269' title='bbox 1019 4396 1114 4475; x_wconf 79' lang='grc' dir='ltr'><strong><em>μόλις</em></strong></span> <span class='ocrx_word' id='word_1_270' title='bbox 1136 4402 1246 4457; x_wconf 81' lang='grc' dir='ltr'><strong><em>πᾶσαν</em></strong></span> <span class='ocrx_word' id='word_1_271' title='bbox 1269 4395 1419 4477; x_wconf 80' lang='grc' dir='ltr'><strong><em>μηχανήν</em></strong></span> <span class='ocrx_word' id='word_1_272' title='bbox 1442 4394 1593 4477; x_wconf 74' lang='grc' dir='ltr'><strong><em>μηχανῶ·</em></strong></span> <span class='ocrx_word' id='word_1_273' title='bbox 1607 4418 1635 4459; x_wconf 85' lang='grc' dir='ltr'>ιο</span> 
     </span>
     <span class='ocr_line' id='line_1_32' title="bbox 491 4499 1593 4584; baseline -0.002 -19"><span class='ocrx_word' id='word_1_274' title='bbox 491 4524 591 4584; x_wconf 86' lang='grc' dir='ltr'><strong><em>μενος</em></strong></span> <span class='ocrx_word' id='word_1_275' title='bbox 607 4499 836 4584; x_wconf 75' lang='grc' dir='ltr'><strong><em>προσηγάγετο</em></strong></span> <span class='ocrx_word' id='word_1_276' title='bbox 856 4499 1073 4584; x_wconf 79' lang='grc' dir='ltr'><strong><em>φθέγξασθαί</em></strong></span> <span class='ocrx_word' id='word_1_277' title='bbox 1090 4524 1120 4564; x_wconf 90' lang='grc' dir='ltr'><strong><em>τι</em></strong></span> <span class='ocrx_word' id='word_1_278' title='bbox 1140 4501 1224 4582; x_wconf 80' lang='grc' dir='ltr'><strong><em>πρὸς</em></strong></span> <span class='ocrx_word' id='word_1_279' title='bbox 1242 4500 1355 4583; x_wconf 83' lang='grc' dir='ltr'><strong><em>αὐτόν,</em></strong></span> <span class='ocrx_word' id='word_1_280' title='bbox 1375 4499 1480 4575; x_wconf 84' lang='grc' dir='ltr'><strong><em>οὕτως</em></strong></span> <span class='ocrx_word' id='word_1_281' title='bbox 1495 4499 1593 4583; x_wconf 82' lang='grc' dir='ltr'><strong><em>ἀναγ-</em></strong></span> 
     </span>
     <span class='ocr_line' id='line_1_33' title="bbox 492 4609 893 4690; baseline -0.002 -18"><span class='ocrx_word' id='word_1_282' title='bbox 492 4610 674 4690; x_wconf 79' lang='grc' dir='ltr'><strong><em>καζόμενον</em></strong></span> <span class='ocrx_word' id='word_1_283' title='bbox 696 4609 803 4672; x_wconf 79' lang='grc' dir='ltr'><strong><em>εἰπεῖν</em></strong></span> <span class='ocrx_word' id='word_1_284' title='bbox 825 4611 893 4672; x_wconf 84' lang='grc' dir='ltr'><strong><em>κτλ.</em></strong></span> 
     </span>
     <span class='ocr_line' id='line_1_34' title="bbox 392 4695 1592 4798; baseline -0.002 -20"><span class='ocrx_word' id='word_1_285' title='bbox 392 4695 537 4793; x_wconf 66' lang='lat' dir='ltr'>liquibus</span> <span class='ocrx_word' id='word_1_286' title='bbox 559 4713 667 4778; x_wconf 88' lang='lat' dir='ltr'>verbis</span> <span class='ocrx_word' id='word_1_287' title='bbox 690 4713 747 4797; x_wconf 92' lang='lat' dir='ltr'>qui</span> <span class='ocrx_word' id='word_1_288' title='bbox 770 4726 900 4778; x_wconf 77' lang='grc' dir='ltr'><strong><em>σιωπᾶν</em></strong></span> <span class='ocrx_word' id='word_1_289' title='bbox 923 4712 1071 4798; x_wconf 78' lang='grc' dir='ltr'><strong><em>ἀρρήτως</em></strong></span> <span class='ocrx_word' id='word_1_290' title='bbox 1095 4717 1179 4776; x_wconf 87' lang='lat' dir='ltr'>recte</span> <span class='ocrx_word' id='word_1_291' title='bbox 1203 4712 1267 4778; x_wconf 89' lang='lat' dir='ltr'>dici</span> <span class='ocrx_word' id='word_1_292' title='bbox 1291 4712 1490 4793; x_wconf 88' lang='lat' dir='ltr'>diffidebant,</span> <span class='ocrx_word' id='word_1_293' title='bbox 1515 4714 1592 4778; x_wconf 87' lang='lat' dir='ltr'>olim</span> 
     </span>
     <span class='ocr_line' id='line_1_35' title="bbox 391 4802 1592 4906; baseline 0.003 -27"><span class='ocrx_word' id='word_1_294' title='bbox 391 4802 522 4903; x_wconf 73' lang='lat' dir='ltr'>benus,</span> <span class='ocrx_word' id='word_1_295' title='bbox 553 4825 667 4905; x_wconf 90' lang='lat' dir='ltr'>postea</span> <span class='ocrx_word' id='word_1_296' title='bbox 693 4820 876 4906; x_wconf 86' lang='lat' dir='ltr'>Madvigius</span> <span class='ocrx_word' id='word_1_297' title='bbox 908 4825 941 4885; x_wconf 88' lang='lat' dir='ltr'>et</span> <span class='ocrx_word' id='word_1_298' title='bbox 972 4824 1046 4884; x_wconf 90' lang='lat' dir='ltr'>ante</span> <span class='ocrx_word' id='word_1_299' title='bbox 1074 4817 1274 4904; x_wconf 88' lang='lat' dir='ltr'>Madvigium</span> <span class='ocrx_word' id='word_1_300' title='bbox 1302 4819 1592 4884; x_wconf 85' lang='lat' dir='ltr'>Rauchensteinius</span> 
     </span>
     <span class='ocr_line' id='line_1_36' title="bbox 391 4913 1593 5013; baseline 0.002 -27"><span class='ocrx_word' id='word_1_301' title='bbox 391 4913 459 4987; x_wconf 75' lang='lat' dir='ltr'>lmus.</span> <span class='ocrx_word' id='word_1_302' title='bbox 472 4925 571 4992; x_wconf 78' lang='lat' dir='ltr'>Rhen.</span> <span class='ocrx_word' id='word_1_303' title='bbox 585 4944 660 4991; x_wconf 85' lang='lat' dir='ltr'>xvn</span> <span class='ocrx_word' id='word_1_304' title='bbox 673 4926 765 5013; x_wconf 75' lang='lat'>465),</span> <span class='ocrx_word' id='word_1_305' title='bbox 783 4927 952 5011; x_wconf 77' lang='grc' dir='ltr'><strong><em>ἀρρήκτως</em></strong></span> <span class='ocrx_word' id='word_1_306' title='bbox 970 4926 1070 4991; x_wconf 88' lang='lat' dir='ltr'>scribi</span> <span class='ocrx_word' id='word_1_307' title='bbox 1088 4926 1263 5010; x_wconf 81' lang='lat' dir='ltr'>iusserunt3</span> <span class='ocrx_word' id='word_1_308' title='bbox 1282 4927 1315 4990; x_wconf 93' lang='lat' dir='ltr'>id</span> <span class='ocrx_word' id='word_1_309' title='bbox 1334 4926 1420 5010; x_wconf 91' lang='lat' dir='ltr'>quod</span> <span class='ocrx_word' id='word_1_310' title='bbox 1439 4927 1593 4991; x_wconf 87' lang='lat' dir='ltr'>miramur</span> 
     </span>
     <span class='ocr_line' id='line_1_37' title="bbox 371 5024 1591 5118; baseline 0.008 -32"><span class='ocrx_word' id='word_1_311' title='bbox 371 5024 438 5089; x_wconf 81' lang='lat' dir='ltr'>lnon</span> <span class='ocrx_word' id='word_1_312' title='bbox 455 5033 552 5098; x_wconf 87' lang='lat' dir='ltr'>solum</span> <span class='ocrx_word' id='word_1_313' title='bbox 576 5056 595 5098; x_wconf 90' lang='lat' dir='ltr'>a</span> <span class='ocrx_word' id='word_1_314' title='bbox 618 5033 792 5118; x_wconf 87' lang='lat' dir='ltr'>Rudolpho</span> <span class='ocrx_word' id='word_1_315' title='bbox 810 5032 975 5098; x_wconf 89' lang='lat' dir='ltr'>Herohero</span> <span class='ocrx_word' id='word_1_316' title='bbox 1000 5034 1055 5097; x_wconf 87' lang='lat' dir='ltr'>sed</span> <span class='ocrx_word' id='word_1_317' title='bbox 1079 5032 1175 5097; x_wconf 88' lang='lat' dir='ltr'>stiam</span> <span class='ocrx_word' id='word_1_318' title='bbox 1194 5056 1214 5097; x_wconf 89' lang='lat' dir='ltr'>a</span> <span class='ocrx_word' id='word_1_319' title='bbox 1230 5034 1406 5097; x_wconf 89' lang='lat' dir='ltr'>novissimo</span> <span class='ocrx_word' id='word_1_320' title='bbox 1426 5032 1591 5097; x_wconf 89' lang='lat' dir='ltr'>Plutarchi</span> 
     </span>
     <span class='ocr_line' id='line_1_38' title="bbox 391 5122 1590 5225; baseline -0.002 -23"><span class='ocrx_word' id='word_1_321' title='bbox 391 5122 528 5205; x_wconf 78' lang='lat' dir='ltr'>lloralinm</span> <span class='ocrx_word' id='word_1_322' title='bbox 555 5140 679 5205; x_wconf 84' lang='lat' dir='ltr'>editore</span> <span class='ocrx_word' id='word_1_323' title='bbox 707 5146 871 5225; x_wconf 88' lang='lat' dir='ltr'>receptum</span> <span class='ocrx_word' id='word_1_324' title='bbox 899 5162 975 5205; x_wconf 89' lang='lat' dir='ltr'>esse.</span> <span class='ocrx_word' id='word_1_325' title='bbox 1017 5138 1103 5204; x_wconf 88' lang='lat' dir='ltr'>Nam</span> <span class='ocrx_word' id='word_1_326' title='bbox 1131 5141 1230 5204; x_wconf 91' lang='lat' dir='ltr'>misso</span> <span class='ocrx_word' id='word_1_327' title='bbox 1258 5140 1391 5224; x_wconf 88' lang='lat' dir='ltr'>proprio</span> <span class='ocrx_word' id='word_1_328' title='bbox 1419 5140 1515 5203; x_wconf 92' lang='lat' dir='ltr'>huius</span> <span class='ocrx_word' id='word_1_329' title='bbox 1539 5138 1590 5201; x_wconf 91' lang='lat' dir='ltr'>ad·</span> 
     </span>
     <span class='ocr_line' id='line_1_39' title="bbox 392 5240 1589 5333; baseline -0.001 -26"><span class='ocrx_word' id='word_1_330' title='bbox 392 5240 465 5307; x_wconf 81' lang='lat' dir='ltr'>rubii</span> <span class='ocrx_word' id='word_1_331' title='bbox 485 5269 552 5333; x_wconf 87' lang='lat' dir='ltr'>usu,</span> <span class='ocrx_word' id='word_1_332' title='bbox 575 5247 630 5332; x_wconf 91' lang='lat' dir='ltr'>qui</span> <span class='ocrx_word' id='word_1_333' title='bbox 654 5247 710 5312; x_wconf 85' lang='lat' dir='ltr'>vix</span> <span class='ocrx_word' id='word_1_334' title='bbox 733 5248 883 5331; x_wconf 90' lang='lat' dir='ltr'>cuiquam</span> <span class='ocrx_word' id='word_1_335' title='bbox 907 5246 1070 5311; x_wconf 90' lang='lat' dir='ltr'>videbitur</span> <span class='ocrx_word' id='word_1_336' title='bbox 1088 5246 1129 5310; x_wconf 85' lang='lat' dir='ltr'>ad</span> <span class='ocrx_word' id='word_1_337' title='bbox 1147 5246 1230 5311; x_wconf 89' lang='lat' dir='ltr'>hanc</span> <span class='ocrx_word' id='word_1_338' title='bbox 1249 5248 1425 5311; x_wconf 89' lang='lat' dir='ltr'>orationem</span> <span class='ocrx_word' id='word_1_339' title='bbox 1445 5244 1589 5308; x_wconf 89' lang='lat' dir='ltr'>adhiberi</span> 
     </span>
     <span class='ocr_line' id='line_1_40' title="bbox 392 5351 1589 5440; baseline -0.003 -22"><span class='ocrx_word' id='word_1_340' title='bbox 392 5357 471 5432; x_wconf 59' lang='lat' dir='ltr'>lber,</span> <span class='ocrx_word' id='word_1_341' title='bbox 494 5354 579 5438; x_wconf 89' lang='lat' dir='ltr'>quod</span> <span class='ocrx_word' id='word_1_342' title='bbox 606 5354 685 5440; x_wconf 84' lang='lat' dir='ltr'>(qus</span> <span class='ocrx_word' id='word_1_343' title='bbox 712 5355 837 5420; x_wconf 87' lang='lat' dir='ltr'>ratione</span> <span class='ocrx_word' id='word_1_344' title='bbox 864 5353 1154 5419; x_wconf 83' lang='lat' dir='ltr'>Rauchensteinius</span> <span class='ocrx_word' id='word_1_345' title='bbox 1182 5374 1260 5417; x_wconf 88' lang='lat' dir='ltr'>usus</span> <span class='ocrx_word' id='word_1_346' title='bbox 1288 5357 1348 5438; x_wconf 92' lang='lat' dir='ltr'>est,</span> <span class='ocrx_word' id='word_1_347' title='bbox 1377 5374 1450 5415; x_wconf 90' lang='lat' dir='ltr'>nam</span> <span class='ocrx_word' id='word_1_348' title='bbox 1474 5351 1589 5434; x_wconf 90' lang='lat' dir='ltr'>reliqui</span> 
     </span>
    </p>
   </div>
   <div class='ocr_carea' id='block_1_3' title="bbox 0 0 1972 6675">
    <p class='ocr_par' dir='ltr' id='par_1_7' title="bbox 0 0 1972 6675">
     <span class='ocr_line' id='line_1_41' title="bbox 0 0 1972 6675; baseline 0 0"><span class='ocrx_word' id='word_1_349' title='bbox 0 0 1972 6675; x_wconf 95' lang='lat' dir='ltr'> </span> 
     </span>
    </p>
   </div>
  </div>
 </body>
</html>
