3925 6675
673 1146 723 1196 DE
740 1146 1006 1197 ARISTOPHANIS
1023 1146 1228 1209 EQUITIBUS.
1498 1145 1568 1210 275

333 1305 440 1369 monis
468 1307 643 1371 eximentes
670 1329 710 1370 ex
737 1328 775 1371 ee
801 1306 1006 1393 colligamus,
1034 1328 1115 1390 qnae
1140 1310 1310 1372 contextus
1334 1308 1404 1394 ipse
1427 1308 1569 1374 excludit

334 1415 367 1476 et
388 1433 472 1476 vane
493 1434 564 1478 esse
586 1412 766 1498 persuadet

425 1517 503 1582 Inde
521 1541 540 1582 a
557 1541 653 1585 neren
666 1519 844 1604 Euripiden
863 1518 904 1582 sd
922 1539 1012 1583 suam
1032 1517 1139 1583 sedem
1158 1522 1297 1585 retracto
1316 1522 1440 1605 reliqua
1456 1525 1569 1606 suapte

335 1629 450 1710 sponte
477 1623 584 1690 fluunt
609 1647 714 1710 neque
740 1625 938 1691 inhibentur.
975 1622 1039 1690 Sed
1065 1625 1160 1690 nobis
1184 1625 1224 1689 ed
1247 1629 1414 1712 superiore
1436 1627 1570 1693 redeun-

335 1731 411 1796 dum
435 1737 492 1796 est
529 1732 662 1798 Etenim
681 1731 852 1817 Sauppinn,
874 1736 912 1796 ut
933 1731 1017 1796 ratio
1041 1736 1203 1798 constaret
1226 1755 1322 1817 qnam
1345 1734 1419 1798 inde
1438 1758 1458 1799 a
1476 1756 1570 1799 versu

337 1839 379 1902 14
397 1839 523 1923 inierat,
544 1840 579 1904 in
596 1840 759 1924 prioribus
778 1861 848 1904 eam
866 1838 1116 1923 descriptionem
1135 1841 1290 1904 sermonis
1309 1844 1343 1905 et
1358 1861 1567 1925 personarum

335 1950 464 2010 secutus
492 1951 541 2011 est
568 1968 651 2031 quae
678 1946 755 2011 olim
782 1945 976 2031 vulgabatur
999 1949 1033 2010 et
1055 1967 1137 2030 qnae
1160 1949 1209 2010 eet
1233 1947 1305 2031 ipsa
1327 1946 1485 2012 librorum
1508 1946 1570 2012 die-

334 2052 481 2119 tributio.

337 2161 377 2224 11
423 2164 502 2225 AH.
524 2163 558 2225 τλ
579 2158 775 2245 κινυρόμεθ’
801 2159 925 2237 dikum
948 2159 1011 2225 οὐκ
1034 2159 1134 2245 ἐχρῆν
1158 2163 1265 2243 ζητεῖν
1288 2184 1364 2226 τινα

523 2268 690 2350 σωτηρίαν
712 2274 794 2354 νῷν,
817 2265 900 2331 ἀλλὰ
922 2267 966 2350 μὴ
990 2265 1105 2331 κλάειν
1127 2263 1190 2352 ἕης
1584 2294 1610 2337 ro

439 2376 502 2438 NI.
525 2376 576 2449 τίς
599 2369 664 2438 οὖν
686 2371 814 2456 γένοιτ’
836 2374 892 2450 ἄνς
917 2372 991 2455 λέγε
1015 2374 1066 2438 σύ.
1090 2377 1168 2438 ΔΗ.
1187 2376 1229 2438 σὺ
1247 2374 1310 2457 μὲν
1329 2369 1393 2440 οὖν
1410 2399 1466 2458 μοι
1487 2373 1570 2459 λέγε.

336 2479 442 2557 Quare
466 2479 504 2544 de
527 2501 566 2545 ea
587 2502 623 2544 re
644 2479 728 2545 nihil
748 2485 818 2545 erat
836 2480 924 2563 quod
942 2479 1041 2544 verbe
1059 2478 1186 2546 faceret.
1224 2479 1288 2545 Sed
1305 2485 1418 2566 poetee
1436 2481 1571 2564 exstitit,

335 2587 403 2651 sire
430 2585 563 2651 Beerius
591 2587 659 2652 sive
682 2587 858 2673 Bergkins,
885 2586 941 2671 qni
969 2607 1042 2651 cum
1069 2608 1164 2651 versu
1189 2586 1231 2651 13
1255 2609 1336 2671 quae
1359 2589 1455 2652 unius
1480 2591 1571 2652 erant

336 2693 371 2758 in
393 2693 473 2758 duas
497 2692 656 2758 divideret
677 2715 841 2778 personae,
867 2695 926 2758 NI.
944 2695 995 2769 τίς
1018 2688 1081 2757 οὖν
1104 2691 1224 2776 γένοιτ’
1248 2693 1304 2779 ἄν;
1327 2698 1404 2759 ΔΗ.
1424 2693 1497 2777 λέγε
1516 2695 1570 2775 σύ,

335 2801 398 2864 hoc
425 2804 592 2866 essecutus
620 2804 684 2884 est,
710 2805 748 2864 ut
775 2801 808 2864 in
836 2801 994 2886 proximis
1021 2799 1104 2863 nihil
1129 2801 1193 2864 iam
1216 2805 1304 2866 recto
1328 2800 1394 2865 talo
1419 2805 1503 2865 stare
1526 2801 1570 2866 vi·

336 2907 472 2972 deretur.
505 2907 558 2972 Ex
575 2907 634 2974 illo
653 2909 739 2973 enim
755 2907 916 2992 principio
930 2906 1074 2972 manavit
1088 2907 1152 2970 iste
1166 2927 1372 2990 personarum
1388 2906 1571 2992 descriptiO,

336 3035 433 3099 quem
464 3014 580 3080 falsam
612 3036 682 3080 esse
709 3018 741 3079 et
767 3018 882 3098 poetee
909 3015 1010 3078 menti
1038 3015 1230 3078 contrariam
1259 3013 1478 3080 demonstrare
1506 3018 1572 3078 etu-

337 3120 476 3186 duimus.
514 3118 577 3185 Sed
606 3119 704 3186 semel
730 3121 815 3185 iacto
838 3120 962 3185 infelici
990 3124 1185 3203 commento,
1211 3141 1307 3184 nemo
1334 3125 1447 3206 postea
1474 3142 1571 3186 ausus

337 3232 387 3292 est
413 3226 455 3292 nb
482 3227 546 3292 isto
575 3249 684 3292 errore
710 3227 752 3290 ed
778 3249 889 3292 sanam
917 3229 1109 3292 sententiam
1136 3226 1247 3292 redire.
1284 3226 1369 3304 Quid
1396 3229 1482 3292 enim
1510 3225 1572 3291 De-

337 3332 499 3399 mostheni
522 3336 658 3400 salntem
681 3333 823 3419 aliquam
845 3332 1058 3419 quaerendem
1085 3356 1154 3399 esee
1176 3337 1371 3421 proponenti
1394 3336 1502 3419 aptius
1524 3356 1571 3399 re-
1585 3362 1612 3402 sc

337 3440 489 3527 sponderi
509 3442 620 3526 potnit
641 3442 682 3506 ab
705 3444 807 3506 altero
832 3464 928 3525 qnam
950 3444 1000 3517 τίς
1024 3436 1087 3507 οὖν
1110 3440 1238 3523 γένοιτ’
1260 3444 1316 3527 ἄν;
1339 3441 1414 3525 λέγε
1432 3443 1475 3507 σύ
1494 3442 1525 3507 h.
1545 3463 1572 3510 e.

337 3572 378 3615 ne
393 3550 465 3634 quis
479 3570 659 3633 pronomen
670 3548 794 3613 frustra
807 3548 967 3613 adiectum
981 3568 1051 3613 esse
1066 3548 1163 3613 ducat
1177 3548 1224 3613 ‘tu
1240 3551 1296 3633 qui
1310 3550 1406 3615 modo
1420 3570 1571 3633 quaerere

338 3658 475 3721 salntem
498 3655 651 3721 iubebas?
688 3654 734 3719 Et
751 3654 814 3721 hoc
832 3655 919 3739 quod
938 3656 1021 3719 ratio
1041 3654 1164 3739 suadet,
1186 3655 1399 3739 comprobant
1417 3656 1572 3740 exempla.

338 3762 386 3829 Ut
408 3764 494 3828 enirn
517 3764 684 3828 mittamus
706 3762 805 3827 toties
827 3762 977 3827 adhunc
999 3762 1132 3827 modum
1155 3762 1294 3827 formata
1316 3764 1482 3829 enuntiata

526 3878 587 3933 τοῦ
611 3866 643 3933 d'
669 3866 778 3953 οὕνεχ’
804 3868 889 3952 ἡμᾶς
911 3866 1002 3933 ταῦτ’
1025 3864 1184 3953 idpsum
1207 3868 1280 3933 ελιτέ
1296 3894 1353 3951 μοι
1373 3868 1444 3934 Pac.
1460 3868 1526 3933 210

524 3974 598 4060 φέρ’
627 3977 705 4057 idn,
729 3979 771 4041 σὺ
795 3985 916 4042 τοῦτον
937 3978 972 4041 τί
989 3974 1171 4060 ὀνομάζειςς
1195 3974 1268 4041 ελττέ
1283 4000 1340 4060 μοι
1358 3974 1445 4041 Nub.
1460 3975 1524 4041 847

527 4086 570 4149 σὺ
593 4080 631 4149 dl
654 4084 696 4167 δὴ
719 4086 754 4148 τί
772 4084 927 4165 βουλεύει
949 4094 1072 4167 nocem
1096 4081 1163 4165 λέγ’
1191 4082 1337 4166 Αἰσχύλε
1360 4080 1441 4147 Itan.
1461 4081 1526 4147 865

523 4188 700 4273 Ἀγάθωνα
717 4202 829 4255 πεῖσαι
844 4241 869 4254 ..
884 4189 917 4265 ἐς
934 4191 1166 4273 θεσμοφόρων
1180 4188 1303 4255 ἐλθεῖν.
1326 4191 1435 4253 ΚΗΛ.
1449 4190 1483 4253 τί
1496 4188 1573 4273 δρά-

879 4294 986 4379 σοντ’;
1010 4295 1083 4361 εἰπέ
1102 4320 1159 4380 μοι
1181 4295 1376 4380 Thesmoph.
1396 4294 1448 4377 89,

340 4426 422 4489 quse
445 4405 614 4469 innumera
636 4408 725 4487 sunt,
752 4404 848 4488 plane
870 4402 1004 4468 eandem
1028 4402 1185 4467 rationem
1208 4424 1284 4487 prae
1308 4426 1342 4467 se
1364 4403 1472 4467 ferunt
1494 4402 1573 4467 haec
1587 4429 1613 4470 ιι

341 4533 423 4597 qnae
445 4512 599 4597 leguntur
622 4512 657 4575 in
675 4508 794 4594 Vespis
812 4510 878 4574 346

306 4634 322 4689 ε
530 4615 600 4683 ἀλλ’
628 4616 664 4682 ἐκ
687 4618 816 4683 τούτων
839 4617 909 4699 ὥρα
931 4618 1006 4681 τινά
1030 4635 1083 4682 σοι
1107 4620 1215 4701 ζητεῖν
1237 4618 1356 4700 καινὴν
1380 4614 1546 4697 ἐπίνοιαν,

528 4725 600 4807 ἥτις
627 4740 664 4788 σε
688 4724 799 4809 λα’θρηι
820 4722 963 4806 τάνδρὸς
986 4724 1081 4788 rovdl
1104 4726 1286 4807 καταβῆναι
1310 4723 1410 4803 δεῦρο
1433 4725 1574 4807 ποιησει.

446 4834 506 4896 ΦΙ.
528 4834 590 4908 τίς
623 4830 670 4895 ἂν
698 4826 770 4897 οὖν
797 4836 873 4913 clm
901 4828 1047 4913 ζητεῖθ’
1079 4830 1203 4913 ὑμεῖς,
1235 4828 1279 4905 ὡς
1306 4838 1373 4894 πᾶν
1401 4828 1443 4893 ἂν
1469 4826 1574 4912 ἔγωγε

1297 4940 1439 5019 ποιοίην.

342 5045 425 5123 Quid
452 5046 538 5111 enim
566 5043 705 5109 similius
732 5066 800 5108 esse
828 5046 937 5128 potest
963 5043 1107 5108 versibus
1131 5064 1212 5127 quos
1236 5042 1451 5127 disceptamus
1474 5041 1572 5126 Equi·

341 5154 434 5219 tum?
465 5150 588 5236 Iteqne,
610 5158 644 5216 st
662 5175 694 5216 τι
718 5150 777 5234 ἐμὴ
801 5151 979 5235 ξυμβουλή,
1003 5150 1109 5235 inquit
1132 5148 1235 5233 Plato,
1258 5147 1484 5233 Aristophanis
1509 5147 1572 5213 edi-

341 5259 467 5326 toribus
493 5262 642 5325 anctores
665 5258 765 5323 simus
787 5257 881 5322 utin
904 5262 1071 5343 posterum
1095 5256 1177 5321 hanc
1200 5256 1357 5320 sermonis
1380 5258 1504 5339 partem
1528 5257 1573 5320 ite

342 5366 583 5453 exprimendum
607 5386 719 5430 curare
741 5363 843 5429 velint

1308 5468 1359 5521 18·
