3925 6675
800 1110 851 1160 DE
870 1109 987 1161 OVIDII
1004 1109 1136 1160 FASTIS.
1523 1105 1588 1172 105

392 1272 511 1353 spicimus
533 1273 568 1336 in
589 1270 651 1336 hec
672 1270 858 1336 narratione
881 1274 1118 1355 pentametrum
1138 1269 1289 1335 idoneum
1308 1269 1418 1354 quiin
1435 1269 1523 1335 illius
1542 1271 1589 1335 lo

393 1397 449 1441 cum
466 1378 612 1463 succedet,
634 1377 721 1443 hund
744 1376 969 1442 cunctabimur
992 1378 1111 1463 eligere
1135 1399 1261 1441 versum
1286 1376 1351 1440 208

538 1485 586 1549 Et
607 1485 683 1550 11111
705 1486 828 1567 arpenti
850 1484 1007 1552 lammina
1030 1487 1147 1549 crimem
1170 1489 1244 1563 erui,

393 1592 438 1671 qui
454 1595 479 1654 et
495 1594 561 1677 ipse
584 1613 659 1656 eum
678 1612 737 1656 sno
755 1590 940 1656 hexametro
960 1613 1026 1656 non
1044 1590 1136 1656 valde
1156 1592 1381 1656 convenientior
1400 1591 1590 1655 coniunctus

394 1699 434 1759 eet
457 1695 530 1781 (nem
563 1698 651 1783 quod
680 1700 755 1763 iura
782 1699 933 1762 dicuutur
960 1703 994 1762 et
1021 1700 1152 1781 crimem
1179 1698 1214 1762 in
1241 1720 1278 1762 ee
1304 1702 1396 1783 perte
1422 1697 1513 1762 nulle
1539 1698 1590 1762 111

393 1805 534 1869 sententiae
553 1803 617 1891 est)
636 1805 692 1870 sed
711 1807 745 1869 in
768 1806 861 1869 illum
884 1804 991 1869 locum
1014 1804 1190 1870 translatus
1210 1825 1350 1887 perminus
1373 1826 1446 1869 cum
1468 1807 1591 1888 urpemti

393 1906 516 1976 lammina
537 1912 617 1977 scite
641 1916 842 1997 comparatus
865 1912 966 1977 offert.
1014 1910 1083 1976 Hoe
1106 1911 1187 1975 duos
1206 1913 1427 1995 pentametros
1444 1911 1501 1976 ubi
1519 1912 1591 1976 loce

395 2023 540 2095 permetere
563 2020 752 2084 iusserimus
775 2018 831 2082 sed
854 2019 900 2083 ite
918 2023 956 2082 ut
972 2018 1074 2102 priori
1093 2016 1188 2104 (204)
1208 2017 1436 2082 adhaerescunt
1453 2039 1491 2082 ee
1509 2039 1592 2102 quae

395 2140 449 2186 cun
473 2146 504 2190 eo
534 2127 708 2191 coniuncte
739 2147 809 2190 esse
839 2125 977 2189 diximus
1006 2123 1096 2208 (205.
1115 2123 1209 2211 206),
1237 2126 1264 2188 is
1293 2125 1371 2190 ordo
1398 2124 1507 2208 prodit
1535 2124 1591 2208 qui

393 2232 490 2307 pectem
510 2254 576 2297 non
599 2231 750 2297 dedeceat
772 2237 805 2296 et
828 2253 893 2316 quo
917 2231 1074 2316 quidquid
1099 2231 1292 2296 incommodi
1315 2232 1441 2296 eratin
1460 2230 1634 2316 vulgatam

396 2334 457 2398 serie
473 2338 535 2404 tolli
559 2339 716 2404 videatur.

450 2443 498 2509 191
545 2446 658 2511 Pluris
679 2465 750 2528 opes
772 2467 856 2510 nume
877 2452 958 2529 sumi,
981 2467 1077 2528 queem
1094 2446 1197 2528 prisci
1219 2448 1366 2526 temporis
1388 2447 1494 2529 111111,

588 2553 677 2617 Dum
694 2547 833 2635 populus
848 2573 981 2635 putemur,
1005 2553 1081 2617 dum
1104 2573 1185 2618 mouu
1208 2553 1312 2616 Roma
1332 2553 1403 2634 fuit.

541 2659 632 2724 Dum
655 2680 730 2724 cusu
752 2660 970 2742 Martigenam
994 2661 1135 2741 cupiebat
1150 2680 1257 2742 purum
1284 2660 1453 2741 Quirinum

450 2761 503 2829 100
591 2767 637 2830 Ei
659 2766 756 2831 debut
777 2767 923 2848 eeipmem
945 2767 1092 2848 [luminis
1113 2767 1187 2832 uduo
1210 2773 1320 2849 torum,

546 2873 690 2955 Iuppiter
712 2879 848 2955 umpueia
869 2875 925 2938 uie
947 2879 1027 2939 totus
1048 2874 1152 2939 uacat
1173 2875 1210 2937 im
1232 2874 1308 2938 cede

591 2980 691 3062 Imque
713 2980 800 3044 Iouis
823 2980 933 3044 deutra
955 2980 1050 3062 fictile
1069 2980 1190 3062 fulmen
1214 2986 1289 3057 erut,

357 3083 387 3139 84
448 3082 500 3149 203
543 3086 728 3151 Fromditms
750 3087 906 3151 amaeam
927 3108 1007 3169 quoe
1028 3107 1113 3152 mune
1137 3085 1296 3168 Capitolio
1317 3089 1450 3168 pemmis

447 3189 499 3256 208
589 3195 636 3257 Et
653 3193 729 3259 11111
751 3196 873 3276 erpetui
895 3193 1052 3258 icrumimu
1075 3196 1192 3258 crimen
1214 3200 1297 3270 erut;

447 3296 497 3364 207
544 3300 627 3366 Iura
649 3300 747 3366 debut
761 3301 892 3384 populis
907 3301 1011 3383 posito
1034 3301 1124 3366 muodo
1142 3306 1272 3382 praetor
1294 3306 1402 3366 aratro
1609 3324 1637 3365 11

446 3404 501 3472 204
591 3408 801 3490 Pasucuque
822 3410 987 3490 1141111111
1008 3414 1132 3473 senator
1153 3428 1237 3472 oues:

447 3511 501 3581 205
545 3516 613 3580 Nee
630 3516 738 3597 pudor
759 3518 796 3580 im
818 3515 937 3596 stipulo
956 3516 1119 3597 placidum
1142 3517 1256 3596 11111111
1277 3516 1407 3596 quietem

589 3622 638 3687 Et
657 3623 788 3703 faenum
811 3623 909 3704 cupiti
930 3624 1128 3704 supposuisse
1148 3623 1220 3703 fuit.

446 3726 501 3793 209
546 3729 593 3794 At
609 3735 778 3811 portorium
799 3730 930 3810 fortuma
953 3730 1012 3794 loci
1034 3734 1128 3811 ceput
1149 3729 1259 3793 cututit
1279 3729 1374 3793 leuius
1391 3766 1435 3774 —

399 3820 564 3921 Deorigine
587 3836 660 3899 vitii
683 3836 767 3899 nihil
790 3835 939 3901 dicimus:
968 3837 1002 3899 in
1030 3857 1094 3919 que
1117 3857 1151 3900 rs
1174 3840 1307 3919 apparet
1330 3835 1448 3899 bouem
1471 3838 1596 3918 partem

399 3941 460 4004 usui
483 3946 514 4006 et
541 3942 643 4007 errori
671 3943 786 4025 tribui,
814 3930 884 4027 quo
907 3949 1020 4007 notum
1049 3946 1100 4006 est
1127 3943 1160 4006 in
1184 3941 1355 4006 Fastorum
1383 3940 1474 4006 libris
1502 3962 1596 4025 saepe

397 4042 466 4111 etism
483 4050 627 4137 singulos
646 4071 757 4114 versus
776 4049 976 4115 intercidisse
995 4049 1049 4133 (cf.
1069 4071 1099 4132 p.
1119 4046 1185 4135 98).
1223 4047 1294 4125 Quo
1317 4048 1412 4112 initio
1436 4049 1463 4112 si
1485 4068 1598 4111 versus

343 4221 351 4234 1,
398 4154 505 4221 tmissus
518 4157 553 4221 in
566 4157 713 4243 margine
727 4178 794 4221 non
808 4179 866 4221 suo
881 4156 953 4221 loco
968 4157 1131 4240 repositus
1146 4160 1223 4237 eret,
1237 4158 1272 4220 in
1286 4154 1347 4219 hac
1359 4155 1537 4220 necessarie
1551 4154 1598 4217 11-

399 4254 554 4328 cuicedine
573 4267 750 4329 metrorum
769 4265 894 4346 reliqua
911 4262 1006 4328 facile
1021 4262 1245 4347 sequebantur.
1279 4260 1317 4325 In
1331 4262 1598 4345 interpunctione,

399 4379 458 4442 (1¹¹oe
475 4369 570 4457 uulgo
588 4371 623 4434 in
642 4370 693 4435 his
712 4369 857 4434 versibus
875 4392 989 4454 perum
1009 4374 1085 4454 epte
1104 4373 1161 4452 est,
1186 4368 1271 4454 quod
1290 4371 1489 4451 noverimus,
1512 4368 1597 4432 vide·
1612 4392 1641 4432 eo

399 4463 469 4535 betur
494 4476 563 4561 ipse
595 4479 827 4542 sententiarum
859 4478 985 4542 ratione
1018 4481 1050 4540 et
1080 4476 1230 4540 iunctura
1262 4476 1351 4559 posci
1385 4496 1422 4539 ec
1458 4474 1598 4560 probari.

399 4569 448 4639 Ser.
462 4602 496 4646 u.
513 4582 618 4668 Aprili
636 4608 663 4649 e.
683 4600 970 4648 uncccuxxxxru.
