3925 6675
737 1125 788 1176 mc
806 1125 1006 1176 resecem
1024 1125 1174 1176 minuo
1193 1126 1253 1176 vn.
1551 1123 1614 1189 189

373 1306 459 1369 quae
482 1307 545 1350 nec
566 1286 788 1372 imperfectam
811 1288 1002 1351 sententiam
1021 1286 1142 1351 habent
1160 1308 1264 1370 neque
1283 1286 1416 1351 verbum
1435 1290 1613 1352 extremum

377 1392 601 1477 depravatum.
636 1392 682 1459 Et
705 1416 787 1478 quae
810 1393 982 1479 Euripides
1006 1393 1118 1458 scribit
1141 1395 1175 1458 in
1199 1391 1312 1458 Oreste
1337 1391 1461 1479 1035*)

515 1503 580 1564 ΟΡ.
626 1498 703 1566 τόδ’
724 1495 813 1584 ἦμαρ
835 1501 917 1585 ἡμῖν
938 1501 1071 1584 κύριον·
1095 1496 1200 1565 δεῖθ’
1226 1499 1246 1583 ἢ
1270 1502 1412 1585 βρόχους

626 1607 743 1672 ἅκτειν
765 1610 971 1693 κρεμαστοὺς
993 1606 1013 1691 ἣ
1038 1605 1134 1692 ξίφος
1156 1609 1276 1690 θήγειν
1299 1610 1379 1692 χερί.

504 1716 581 1778 ΗΛ.
626 1717 670 1780 σὺ
692 1715 759 1780 νύν
780 1712 828 1799 μ’,
851 1713 986 1798 ἀδελφέ,
1009 1717 1054 1800 μή
1076 1738 1127 1791 τις
1143 1712 1298 1800 Ἀργείων
1320 1713 1440 1800 κτάνῃ

625 1820 773 1906 ὕβρισμα
795 1820 938 1906 θέμενος
959 1822 1021 1886 τὸν
1039 1819 1283 1906 Ἀγαμέμνονος
1306 1824 1418 1904 μόνον.

514 1931 578 1992 ΟΡ.
624 1929 698 2005 ἅλις
720 1929 758 1994 τὸ
781 1929 904 2013 μητρὸς
926 1920 995 2013 αἷμ’
1021 1925 1097 2013 ἔχω·
1122 1929 1160 1994 σὲ
1183 1926 1213 1993 d’
1241 1929 1282 1994 ού
1305 1940 1417 1994 κτενῶ.

375 2033 519 2101 Tantum
537 2039 607 2099 erat
624 2035 830 2119 afferendum,
853 2040 890 2100 nt
908 2035 1004 2120 plene
1022 2035 1265 2120 perspiceretur,
1287 2035 1365 2120 quid
1383 2035 1424 2099 ad
1443 2034 1499 2100 illa
1517 2035 1616 2100 verba

376 2145 420 2206 σὺ
438 2142 506 2206 νύν
524 2139 557 2226 μ’
580 2141 708 2226 ἀδελφέ
723 2163 853 2208 necesse
871 2146 956 2207 esset
974 2165 1014 2207 ex
1032 2141 1187 2227 proximis
1207 2142 1379 2228 cogitando
1398 2144 1614 2207 ascisceretur.

376 2246 490 2313 Inonis
512 2247 708 2334 Euripideae
731 2254 808 2314 sunt
828 2248 908 2314 haec
930 2247 985 2336 (fr.
1003 2249 1068 2313 417
1089 2250 1136 2315 ed.
1152 2267 1178 2313 11
1191 2248 1347 2336 Nauckii)
1629 2275 1655 2316 ιο

585 2354 725 2439 κέκτησο
749 2354 780 2421 δ’
806 2355 931 2441 ὀρθῶς·
955 2356 999 2421 ἂν
1021 2354 1051 2421 d'
1078 2353 1155 2442 ἔχῃς
1178 2359 1258 2422 άνευ
1281 2359 1406 2440 ψόγου,

584 2460 649 2527 κᾶν
671 2464 794 2547 σμικρὰ
816 2461 937 2550 σῴζου,
959 2472 1000 2548 τῇ
1024 2464 1100 2554 δίκῃ
1123 2462 1258 2541 ξυνοῦσ
1285 2463 1350 2546 ἀεί,

584 2567 662 2653 μηδ’
689 2571 734 2646 ὡς
755 2571 855 2646 κακὸς
878 2571 1065 2654 ναύκληρος
1088 2565 1126 2636 εὖ
1149 2569 1274 2653 πράξας
1296 2570 1379 2637 ποτέ

586 2679 692 2760 ζητῶν
714 2678 754 2741 τὰ
776 2676 904 2742 πλείον’
931 2669 1002 2741 εἶτα
1024 2675 1121 2742 πάντ’
1147 2676 1355 2744 ἀπώλεσεν.

378 2782 469 2860 Quae
492 2783 527 2848 in
545 2782 679 2868 reliquis
698 2783 745 2849 sic
762 2783 912 2848 videntur
928 2788 1017 2849 recte
1036 2783 1143 2867 scribi,
1166 2783 1336 2851 ἀπώλεσεν
1354 2789 1462 2850 autem
1481 2786 1614 2850 verbum

378 2892 502 2976 quippe
529 2890 570 2956 sd
596 2892 700 2956 κακὸν
726 2892 917 2975 ναύκληρον
945 2895 977 2956 et
1004 2891 1087 2956 hanc
1114 2893 1307 2957 sententiam
1336 2894 1614 2959 accommodatum

379 3019 477 3081 prave
514 2996 593 3062 olim
630 2997 821 3083 corrigendo
854 3019 970 3084 cogere
1003 2998 1193 3080 voluerunt,
1224 3005 1262 3064 ut
1294 3000 1334 3064 ad
1367 3005 1464 3085 caput
1496 2999 1614 3064 rediret

380 3108 414 3168 et
443 3100 527 3188 μηδὲ
558 3103 735 3188 particulae
767 3104 1017 3170 adhaeresceret.
1058 3105 1261 3191 Thucydides
1294 3106 1386 3188 182,
1412 3109 1429 3172 1
1464 3128 1536 3171 cum
1569 3108 1615 3171 ita

382 3211 510 3295 scripsit

513 3315 748 3402 ἀνεπίφθονον
771 3317 819 3400 de',
842 3320 916 3385 ὅσοι
935 3320 1045 3406 ὥσπερ
1064 3318 1119 3386 καὶ
1137 3320 1230 3405 ἡμεῖς
1249 3319 1305 3387 ὑπ’
1324 3319 1514 3407 Ἀθηναίων
1533 3321 1614 3388 ἐντι-
1628 3348 1655 3389 ιο

558 3428 849 3509 βουλευόμεθα,
872 3429 916 3511 μὴ
933 3425 1096 3511 Ἕλληνας
1118 3430 1223 3511 μόνον
1246 3428 1329 3494 ἀλλὰ
1350 3428 1404 3495 καὶ
1423 3430 1614 3513 βαρβάρους

557 3534 809 3617 προσλαβόντας
832 3535 1058 3618 διασωθῆναι,

391 3635 530 3703 videlicet
550 3638 686 3704 verbum
710 3638 1009 3725 ἐπιβουλευόμεθα,
1033 3642 1119 3726 quod
1141 3642 1277 3708 debebat
1296 3644 1336 3708 ad
1355 3644 1439 3727 ὅσοι,
1462 3644 1503 3707 ad
1521 3644 1613 3727 ἡμεῖς

394 3742 536 3827 applicari
558 3745 684 3827 maluit,
707 3768 772 3830 quo
796 3747 918 3812 factum
942 3752 991 3811 est
1015 3748 1095 3813 illud
1118 3754 1155 3813 ut
1177 3750 1338 3832 penderet.
1374 3749 1557 3833 Xenophon
1580 3749 1614 3813 in

395 3846 583 3916 institutione
607 3850 683 3937 Cyri
706 3870 743 3916 1v
764 3854 799 3937 1,
818 3853 839 3918 3
862 3855 914 3918 vel
936 3853 1016 3919 haec
1038 3855 1102 3919 sibi
1125 3856 1271 3940 permisit

358 3976 388 4033 11
516 3961 715 4044 Χρυσάνταν
738 3961 840 4026 οὐδὲν
863 3962 973 4026 ἄλλων
997 3961 1112 4046 δέομαι
1136 3964 1388 4046 πυνθάνεσθαι,
1416 3962 1493 4027 ἀλλ’
1516 3963 1614 4038 αὐτὸς

559 4058 634 4132 οἶδα
653 4056 796 4149 οἷοςλμ·
820 4068 940 4152 τὰμὲν
959 4070 1022 4153 γὰρ
1042 4071 1125 4135 ἄλλα
1145 4071 1279 4153 ὅσαπερ,
1300 4063 1402 4153 οἶμαι,
1420 4068 1475 4134 καὶ
1494 4069 1615 4145 πάντες

557 4173 653 4257 ὑμεῖς
675 4171 855 4239 ἐποιεῖτε.

405 4268 472 4341 Nan
492 4277 593 4345 ἐποίει
616 4281 872 4365 exspectabatur,
895 4282 951 4347 sed
974 4281 1124 4366 ἐποιεῖτε,
1148 4284 1188 4348 ad
1211 4285 1332 4360 πάντες
1354 4284 1449 4367 ὑμεῖς
1466 4284 1613 4364 relatum,

335 4435 336 4444 ,
408 4377 464 4459 plus
485 4383 591 4470 habet,
623 4390 661 4450 ut
688 4388 735 4451 ait
763 4387 965 4471 Dindorfius,
997 4390 1148 4473 praesidii
1176 4414 1195 4455 a
1222 4390 1314 4454 libris
1343 4412 1439 4473 quam
1468 4388 1613 4473 alterum,
1628 4416 1654 4457 ιο

335 4476 336 4480 “
411 4487 477 4564 quod
491 4490 580 4557 facile
599 4492 705 4576 quivis
723 4516 877 4579 reponere
896 4499 1033 4580 poterat.
1065 4496 1170 4583 Magis
1189 4498 1286 4562 etiam
1306 4519 1378 4561 cum
1393 4501 1505 4562 nostra
1519 4518 1614 4562 causa

413 4593 552 4663 wniuncta
574 4604 651 4664 sunt
673 4621 756 4683 qnae
777 4599 969 4667 Theocritus
992 4602 1104 4668 scribit
1123 4603 1153 4687 5,
1171 4604 1214 4668 28

517 4710 589 4770 ΛΑ.
1116 4714 1165 4787 τίς
1189 4712 1226 4775 δὲ
1249 4712 1416 4794 παρεύσας

634 4814 729 4897 αἰγὸς
751 4819 967 4899 πρατοτόκοιο
992 4819 1098 4881 κακὰν
1120 4820 1205 4882 κύνα
1229 4817 1336 4901 θήλεά
1364 4818 1533 4903 ἀμέλγεινς

418 4925 597 4949 g

434 5096 438 5106 Ι
482 5018 520 5090 ⁸2)
537 5023 605 5095 [Ubi
627 5025 768 5093 quaedam
792 5026 825 5080 R.
844 5027 984 5081 Personus
1009 5031 1037 5083 et
1061 5028 1093 5082 G.
1108 5029 1142 5083 H.
1158 5029 1324 5085 Schaeferus
1348 5032 1552 5095 memorarunt;
1576 5030 1613 5083 ad

421 5104 512 5200 hildem
533 5113 695 5185 tragoediae
716 5133 740 5169 v.
760 5121 812 5170 643
835 5118 909 5186 (632)
936 5116 955 5170 ἃ
978 5115 1007 5171 δ’
1034 5118 1129 5189 ἔλαβες
1152 5116 1272 5185 ἀπόδος,
1300 5120 1406 5187 πατρὸς
1429 5119 1496 5187 ἐμοῦ
1520 5119 1613 5189 λαβὼν

421 5201 483 5255 '‘lst-
506 5201 536 5254 os
556 5199 675 5274 χρήματ’
701 5199 793 5260 aluos·
817 5202 946 5274 χρήματ’,
971 5202 1007 5274 ἣν
1030 5206 1126 5276 ψυχὴν
1149 5207 1219 5277 ἐμὴν
1243 5209 1363 5280 σώσῃς,
1386 5207 1457 5275 άπερ
1481 5226 1528 5275 μοι
1552 5205 1613 5275 ‹pd-

423 5273 528 5425 ’ζξᾶσιλ
548 5300 602 5347 τῶν
627 5292 700 5361 ἐμῶν
722 5293 786 5347 vide
810 5294 841 5348 G.
861 5294 1061 5350 Hermannum.
1099 5296 1243 5351 Nonnulla
1266 5298 1354 5352 etiam
1377 5297 1547 5351 Rannowiue
1571 5299 1613 5351 at-

510 5380 574 5452 ec]
