3925 6675
415 1149 480 1214 386
589 1154 648 1204 nu.
668 1154 783 1204 monn
801 1154 1016 1207 anemonen
1034 1155 1276 1209 nmmsssmr
1296 1157 1465 1228 ιοοομοοι.

413 1313 500 1380 haud
518 1317 601 1380 scias
620 1323 661 1380 en'
679 1337 717 1380 eo
732 1314 916 1398 adducatur,
934 1338 1001 1381 non
1014 1321 1051 1380 ut
1067 1319 1323 1402 λοιδορούμενος
1338 1320 1378 1385 ad
1393 1332 1500 1397 κακῶς
1514 1321 1647 1386 ἀκούων

413 1422 469 1487 sed
496 1426 608 1487 contra
634 1433 741 1499 κακῶς
768 1422 902 1488 ἀκούων
929 1423 969 1488 ad
998 1425 1257 1507 λοιδορούμενος
1284 1448 1382 1510 prave
1407 1431 1552 1492 assutum
1576 1449 1645 1492 esse
1809 1513 1810 1526 ¹

413 1529 559 1594 fateatur.
599 1527 661 1594 Sed
685 1552 744 1594 nos
768 1551 841 1594 cum
865 1530 1087 1595 contendimus
1111 1554 1192 1616 quse
1215 1533 1248 1596 in
1273 1533 1382 1598 eadem
1407 1533 1474 1598 vita
1491 1534 1646 1620 leguntur
1661 1539 1700 1596 10

412 1656 438 1701 o.
460 1636 501 1700 12
524 1645 623 1702 τοῦτο
647 1638 788 1720 μάλιστα
808 1649 876 1701 τῶν
893 1640 1144 1721 πολιτευμάτων
1162 1649 1222 1704 τοῦ
1242 1640 1446 1724 Περικλέους
1464 1639 1644 1724 ἐβάσκαι-

411 1765 483 1807 νον
506 1743 539 1808 ολ
562 1740 680 1828 ἐχθροὶ
702 1744 765 1808 καλ
790 1741 1006 1827 διέβαλλον
1028 1743 1065 1809 ἐν
1088 1754 1159 1822 ταῖς
1183 1745 1368 1830 ἐκκλησίαις
1391 1749 1535 1830 βοῶντες
1558 1747 1644 1825 egb

411 1846 473 1932 plu
500 1851 604 1933 δῆμος
631 1848 767 1927 ἀδοξεῖ
790 1848 856 1915 καλ
883 1861 1008 1927 κακῶς
1035 1850 1171 1918 ἀκούει
1198 1855 1237 1918 τά
1265 1856 1361 1919 κοινά
1389 1865 1456 1920 τῶν
1475 1853 1645 1938 Ἑλλήνων

411 1959 559 2040 χρήματα
576 1957 659 2041 πρὸς
678 1956 780 2021 αὑτὸν
799 1956 834 2021 ἑκ
848 1960 965 2041 Δῆλον
984 1956 1178 2042 μεταγαγών
1197 1963 1253 2024 sut
1268 1960 1324 2026 illa
1337 1961 1371 2025 in
1384 1959 1484 2026 Fabio
1499 1959 1642 2026 Maximo

411 2083 435 2127 c.
462 2063 480 2126 7
514 2065 587 2128 τότε
619 2065 661 2147 δὴ
693 2065 834 2148 μάλιστα
863 2075 990 2141 κακῶς
1017 2063 1184 2131 ἀκοῦσαι
1212 2069 1275 2132 καλ
1303 2075 1643 2154 καταφρονηθῆναι

410 2169 534 2254 συνέβη
557 2171 618 2235 τὸν
642 2172 773 2254 Φάβιον
795 2166 849 2257 (cf.
869 2192 894 2234 c.
913 2170 949 2255 5,
967 2167 1019 2257 2),
1041 2175 1213 2258 utrumque
1237 2173 1463 2261 intelligimus,
1488 2179 1521 2240 et
1544 2198 1643 2260 quan-

370 2298 396 2338 1o
409 2280 521 2360 tepere
543 2275 717 2343 Plutarcho
745 2281 873 2363 gratum
900 2278 999 2342 fuerit
1027 2280 1255 2366 cognominata
1282 2281 1378 2346 verbe
1405 2283 1643 2348 consociasset

409 2393 517 2460 κακῶς
539 2382 675 2448 ἀκούειν
698 2406 756 2468 per
779 2406 812 2448 se
836 2385 940 2450 solum
964 2387 995 2450 ei
1018 2389 1083 2451 tam
1105 2407 1171 2452 non
1191 2387 1384 2454 satisfecisse
1404 2392 1523 2454 utnon
1541 2388 1640 2454 liben-

408 2493 458 2554 ter
486 2511 560 2555 oum
588 2512 626 2555 eo
654 2491 789 2556 alterum
818 2495 850 2556 et
878 2491 981 2556 simile
1010 2493 1142 2557 verbum
1172 2493 1389 2582 coniungeret.
1431 2494 1518 2560 Idem
1543 2519 1640 2584 agno·

408 2598 509 2662 scitur
532 2601 597 2662 tam
620 2597 685 2662 illis
710 2619 791 2682 quae
815 2599 928 2664 scribit
950 2601 985 2664 in
1007 2599 1119 2665 libello
1144 2601 1199 2666 An
1221 2603 1289 2668 sesi
1310 2603 1483 2684 respublica
1504 2604 1641 2686 peranda

405 2706 449 2769 et
467 2726 493 2770 c.
512 2705 555 2769 23
575 2703 613 2791 (v
632 2703 675 2769 53
689 2703 798 2790 Bern)
822 2708 853 2770 εί
875 2705 914 2770 δέ
932 2730 964 2770 τι
984 2710 1137 2790 σφαλείη,
1160 2709 1203 2792 μὴ
1222 2719 1388 2794 περιορῶν
1407 2707 1640 2792 ἐξαθυμοῦντα

406 2813 466 2877 τὸν
484 2811 562 2878 νέον
582 2810 660 2876 ἀλλ’
677 2811 814 2889 ἀνιστάς
827 2810 881 2876 καί
896 2815 1211 2898 παραμυθούμενος,
1231 2816 1276 2892 ὡς
1288 2813 1486 2901 Ἀριστείδης
1505 2819 1639 2901 Κίμωνα

405 2917 460 2983 καὶ
488 2921 707 3005 Μνησίφιλος
736 2913 1396 3006 Θεμιστοκλέα,’δυσχεραινομένους
1423 2923 1485 2989 καὶ
1515 2933 1640 3002 κακῶς

406 3025 626 3103 ἀκούοντας
653 3025 691 3091 ἐν
718 3035 756 3112 τῆ
784 3028 879 3090 πόλει
902 3027 939 3091 τὸ
962 3038 1094 3110 πρῶτον
1121 3027 1165 3105 ὡς
1189 3030 1325 3114 ἰταμοὺς
1348 3028 1401 3094 καὶ
1427 3030 1639 3114 ἀκολάστους,

406 3132 531 3218 εἰιῆραν
559 3130 613 3197 καὶ
642 3131 895 3217 ἀνεθάρρυναν,
924 3155 1020 3216 quam
1049 3133 1101 3198 his
1125 3157 1206 3218 quae
1229 3138 1325 3220 paulo
1349 3136 1443 3221 plura
1465 3159 1503 3201 ex
1527 3137 1638 3202 libello

405 3241 444 3305 de
465 3241 665 3305 inimieorum
683 3239 826 3321 ιάύίίοίο,
849 3241 884 3303 in
903 3261 967 3324 quo
987 3241 1089 3305 multa
1108 3245 1157 3306 est
1175 3243 1327 3326 λοιδορία
1346 3247 1378 3307 et
1397 3246 1638 3329 λοιδορεῖσθαι,

365 3368 391 3408 ιο
405 3350 623 3433 excerpsimus
651 3368 677 3412 e.
696 3346 717 3413 5
736 3345 763 3434 (1
782 3370 813 3432 p.
832 3348 955 3433 214sq.
969 3347 1079 3435 Bern.)
1110 3351 1145 3415 ολ
1170 3346 1231 3433 μὲν
1259 3346 1323 3417 οὖν
1350 3350 1467 3418 πολλοὶ
1496 3358 1639 3435 γελῶσιν

404 3457 447 3521 ἀν
474 3480 524 3531 τις
552 3457 600 3520 ὢν
628 3455 797 3539 φαλακρὸς
825 3454 844 3537 ἢ
871 3457 991 3539 κυρτὸς
1019 3454 1152 3537 ἑτέρους
1180 3459 1227 3533 εἰς
1255 3467 1357 3522 ταῦτα
1385 3460 1550 3545 λοιδορῇ
1573 3458 1636 3524 καλ

405 3564 572 3647 σκώπτῃ·
606 3566 739 3644 γελοῖον
770 3559 800 3625 δ’
836 3561 920 3637 ὅλως
949 3559 1019 3627 ἐστὶ
1048 3564 1085 3627 τὸ
1115 3564 1319 3649 λοιδορεῖν
1346 3562 1412 3629 καὶ
1441 3567 1639 3633 σκώπτειν

404 3668 520 3734 ὁτιοῦν
543 3667 931 3751 ἀντιλοιδορηθῆναι
955 3668 1145 3753 δυνάμενον
1164 3708 1204 3717 -
1226 3708 1268 3717 -
1288 3692 1313 3736 c.
1334 3671 1354 3735 6
1374 3670 1418 3757 (p.
1439 3670 1519 3759 215)
1542 3672 1635 3739 τουτλ

403 3776 464 3860 μὲν
488 3770 552 3841 οὖν
575 3770 683 3839 ἔνεστι
706 3782 751 3863 τῷ
771 3776 938 3859 λοιδορεῖν
961 3777 1021 3841 τὸν
1044 3774 1169 3861 ἐχθρὸν
1193 3774 1395 3863 ὠφέλιμον
1418 3777 1482 3843 καὶ
1502 3782 1637 3865 χρῆσι-

402 3903 493 3964 μον·
531 3882 592 3947 οὐκ
624 3878 763 3946 ἔλαττον
794 3880 824 3947 δ’
860 3880 989 3966 ἕτερον,
1027 3884 1063 3947 τὸ
1098 3884 1380 3969 λοιδορεῖσθαι
1412 3883 1477 3950 καλ
1509 3896 1638 3963 κακῶς

403 3989 565 4056 ἀκούειν
588 3990 691 4054 αὐτὸν
713 3988 779 4055 ὑπὸ
802 3999 870 4053 τῶν
893 3988 1036 4073 ἐχθρῶν,
1060 3990 1093 4053 in
1117 3990 1235 4074 quibus
1259 4012 1331 4055 eum
1355 3991 1458 4056 multa
1481 3993 1546 4057 sint
1569 4014 1636 4058 non

402 4096 536 4184 indigna
567 4118 648 4182 quae
681 4096 900 4178 attendantur,
929 4100 999 4160 tum
1029 4096 1110 4160 illud
1142 4096 1290 4181 inprimis
1321 4099 1549 4185 λοιδορεῖσθαι
1580 4098 1634 4165 καὶ

402 4216 509 4281 κακῶς
536 4204 672 4269 ἀκούειν
695 4202 963 4287 quemadmodum
988 4204 1022 4267 in
1045 4202 1111 4266 vita
1134 4201 1266 4269 Periclis
1290 4204 1352 4269 hoo
1376 4204 1487 4271 ordine
1509 4204 1575 4293 legi
1598 4212 1637 4271 ut

401 4332 474 4376 cum
498 4310 559 4375 hoc
582 4310 682 4375 verbo
705 4310 771 4374 ὑπὸ
793 4308 990 4393 praepositio
1014 4310 1175 4394 iungatur.

362 4436 388 4475 so
492 4417 579 4495 Quae
595 4419 651 4501 qui
664 4417 830 4501 reputarit,
845 4416 1051 4482 cunctabitur
1065 4416 1099 4479 in
1112 4418 1180 4481 rita
1191 4416 1305 4482 Thesei
1321 4439 1359 4482 ex
1375 4418 1480 4483 verbis
1495 4418 1634 4486 διετέλει

402 4536 508 4600 κακῶς
536 4523 669 4588 ἀκούων
696 4521 750 4587 καὶ
779 4523 1036 4605 λοιδορούμενος
1062 4522 1123 4587 hoo
1146 4522 1297 4608 alterum,
1324 4525 1395 4609 ipso
1419 4530 1573 4591 renuente
1595 4548 1634 4592 ac

402 4634 528 4695 tutante
551 4629 738 4712 Plutarcho,
760 4628 947 4713 rescindere,
970 4628 1056 4713 apud
1075 4628 1332 4713 Theophrastum
1356 4634 1461 4696 autem
1482 4632 1633 4698 fidentius

400 4736 537 4801 fortasse
565 4735 740 4801 affirmabit
761 4736 840 4799 haec
863 4746 971 4812 κακῶς
994 4734 1134 4801 ἀκοῦσαι
1160 4738 1238 4815 (καὶ)
1263 4740 1506 4822 λοιδορηθῆναι
1531 4740 1633 4805 δυνά-

400 4866 499 4926 Ιιιενος
526 4842 634 4907 addita
656 4841 815 4927 particula
837 4841 997 4927 iungenda
1020 4864 1089 4906 esre
1112 4864 1216 4928 neque
1238 4844 1333 4908 licere
1357 4866 1394 4908 ea
1416 4844 1518 4910 altera
1540 4848 1632 4931 parte

399 4957 555 5016 truncare.

491 5057 625 5123 Restant
639 5056 736 5121 verba
749 5056 889 5141 Hippiae
904 5056 1043 5139 maioris,
1060 5078 1141 5141 quae
1155 5078 1214 5121 nos
1229 5056 1263 5121 in
1276 5056 1360 5123 hanc
1379 5058 1629 5142 disputationem

399 5170 580 5251 traxerunt,
612 5163 798 5249 συμβέβηκε
831 5164 873 5247 δή
905 5187 960 5246 μοι
994 5162 1074 5247 ὅπερ
1108 5162 1191 5245 λέγω
1220 5174 1328 5241 κακῶς
1354 5164 1416 5249 μὲν
1443 5166 1507 5231 ὑπὸ
1536 5166 1632 5249 ὑμῶν

398 5272 535 5337 ἀκούειν
561 5270 616 5337 καὶ
644 5272 881 5354 ὀνειδίζεσθαι,
911 5282 1018 5348 κακῶς
1046 5267 1082 5335 δὲ
1110 5268 1167 5336 ὑπ’
1198 5268 1344 5357 ἐκείνου,
1373 5294 1467 5357 qnae,
1495 5274 1522 5339 si
1552 5274 1630 5359 quid

398 5378 553 5463 exemplis
575 5377 780 5443 tribuendum
804 5382 862 5460 est,
885 5398 995 5442 eorum
1019 5376 1162 5443 subsidio
1181 5378 1264 5443 freta
1282 5400 1347 5443 nou
1366 5384 1433 5445 tum
1452 5380 1546 5447 facile
1566 5380 1629 5448 sibi
