3925 6675
593 1115 644 1165 DE
661 1116 792 1167 TRIBUS
811 1116 917 1168 LOCIS
935 1116 1117 1168 HERCULIS
1134 1119 1363 1171 EURIPIDEAE.
1529 1119 1591 1185 261

374 1271 519 1339 delicatus
540 1273 603 1340 hoc
624 1274 771 1341 fastidiat
788 1281 821 1340 et
840 1277 953 1360 oderit,
976 1279 1063 1362 quod
1082 1301 1154 1363 spes
1174 1301 1263 1364 spem
1282 1282 1442 1366 expulisse
1462 1283 1596 1366 dicatur,

382 1381 442 1444 suist
463 1380 499 1445 in
515 1382 578 1446 ulio
597 1403 714 1468 genere
727 1380 924 1468 Aeschylum
943 1407 1009 1450 nou
1028 1383 1232 1450 exhorruisse
1246 1387 1384 1453 scribere
1398 1386 1500 1475 (Pers.
1516 1387 1595 1476 163)

522 1490 566 1572 μὴ
589 1487 692 1572 μέγας
714 1494 858 1567 πλοῦτος
880 1493 1016 1568 κονίσας
1039 1486 1141 1568 οὖδας
1163 1492 1309 1580 ἀντρέψῃ
1332 1493 1412 1560 τοδί

523 1596 640 1679 ὄλβον,
665 1595 705 1662 δν
728 1603 872 1679 Δαρεῖος
894 1592 976 1680 ἦρεν
998 1599 1060 1663 οὐκ
1083 1600 1164 1664 ἄνευ
1186 1606 1279 1666 θεῶν
1301 1624 1400 1678 τινος.

397 1696 442 1763 Sed
463 1723 515 1767 uos
542 1702 582 1766 de
609 1725 667 1787 spe
690 1703 816 1789 egimus
839 1708 872 1768 et
893 1703 957 1769 hoc
980 1725 1050 1771 esse
1074 1728 1112 1770 ex
1137 1727 1174 1770 eo
1199 1728 1315 1792 genere
1338 1707 1485 1773 volumus
1510 1709 1597 1794 quod

399 1808 509 1874 euobis
538 1810 650 1894 paucis
683 1810 859 1876 delibatum
893 1811 1047 1896 ampliore
1080 1813 1303 1878 observatione
1334 1838 1399 1879 uon
1428 1816 1596 1903 indignum

400 1910 525 1980 lubestur.
562 1915 719 1982 Putamus
738 1917 825 1982 enim
843 1939 908 1983 nou
924 1918 993 1983 sine
1007 1919 1114 1983 fructu
1130 1920 1378 2012 eleboratum,
1397 1922 1424 1987 si
1439 1925 1495 2006 qui
1509 1923 1596 1987 huuc

329 2018 331 2037 ¹
400 2039 466 2086 mun
491 2021 622 2100 ἐλπίδος
653 2023 840 2110 diligentius
872 2047 930 2109 per
961 2030 1073 2109 poetas
1103 2027 1339 2112 scriptoresque
1370 2031 1519 2114 persequi
1549 2030 1595 2093 in-

400 2124 514 2194 sinent.

377 2242 389 2297 l
464 2235 488 2299 i.
507 2235 542 2301 ln
570 2237 681 2302 eadem
709 2238 802 2324 ρήσει
824 2237 956 2325 Megara
982 2241 1029 2304 ita
1056 2240 1173 2304 desinit
1199 2245 1237 2305 ut
1259 2240 1430 2307 Herculem
1455 2245 1490 2307 in
1513 2241 1595 2309 Orco
1611 2271 1637 2311 ιο

399 2348 548 2427 coruum,
575 2365 670 2430 quem
694 2366 763 2410 esse
786 2348 950 2411 mortuum
974 2345 1076 2411 credit
1099 2352 1132 2412 ct
1153 2369 1219 2413 non
1243 2350 1352 2433 credit,
1374 2349 1427 2414 his
1450 2349 1596 2415 versibus

400 2447 506 2529 appellet

522 2554 548 2623 ὦ
572 2557 719 2644 φίλτατ’,
742 2565 777 2624 εί
795 2583 845 2636 τις
868 2563 1023 2643 φθόγγος
1045 2562 1251 2626 εἰσακούεται

522 2671 660 2748 θνητῶν
682 2663 760 2749 παρ’
779 2663 891 2752 Ἅιδη,
914 2668 968 2732 σοί
991 2664 1078 2751 τάδ’,
1098 2664 1288 2753 Ἡράκλεις,
1311 2668 1406 2753 λέγω.

521 2770 663 2860 θνῄσκει
685 2774 793 2857 πατὴρ
816 2774 875 2849 σὸς
897 2775 952 2838 καί
974 2771 1076 2858 τέκν’,
1099 2776 1241 2859 ὄλλυμαι
1264 2774 1295 2840 δ’
1323 2775 1401 2861 ἐγώ,

522 2878 647 2964 dcclv
669 2882 814 2963 μακαρία
837 2881 894 2945 διὰ
917 2881 954 2946 σὲ
977 2879 1160 2967 ἐκλῃζόμην
1182 2885 1322 2966 βροτοῖς.

523 2985 662 3071 ἄρηξον,
685 2985 780 3065 ἔλθέ,
803 2985 858 3052 καὶ
882 2989 958 3052 σκιὰ
982 2989 1116 3071 φάνηθί
1135 3009 1207 3070 μοι·

434 3085 485 3153 495
522 3095 596 3171 ἅλις
618 3095 682 3176 γὰρ
707 3093 819 3159 ἐλθὼν
841 3092 905 3158 κᾶν
927 3097 1011 3179 ὄναρ
1036 3093 1146 3176 γένοιο
1170 3097 1221 3160 σύ.

523 3200 633 3285 [κακοί
656 3201 719 3285 γὰρ
743 3203 791 3277 είς
813 3199 853 3266 σέ
875 3199 906 3283 γ’
932 3205 967 3265 οἳ
988 3200 1087 3265 τέκνα
1108 3205 1276 3267 κτείνουσι
1301 3203 1366 3288 σοί]

403 3288 440 3361 Sic
458 3301 506 3372 hos
531 3329 642 3374 versus
661 3306 930 3373 Wilamowitzius
958 3307 1047 3373 dedit
1072 3309 1177 3393 primo
1201 3307 1340 3375 Hercule
1366 3310 1453 3375 edita
1476 3315 1509 3375 et
1531 3310 1595 3376 iam
1609 3339 1636 3378 se

403 3407 501 3478 “lirin
525 3416 691 3481 Analectis
718 3414 903 3501 Euripideis
930 3438 957 3479 a.
982 3431 1198 3480 MDcchxxv
1225 3417 1321 3480 editis
1350 3416 1395 3504 (p.
1420 3417 1510 3505 234).
1547 3417 1596 3483 De

402 3508 475 3583 ull„
493 3524 640 3588 extremis
662 3545 723 3588 nos
741 3543 779 3587 eo
798 3544 893 3606 quem
913 3522 1052 3587 diximus
1070 3522 1142 3588 loco
1162 3523 1209 3587 ito
1227 3524 1443 3608 disseruimus,
1467 3529 1504 3588 ut
1522 3524 1596 3589 ulti-

402 3633 462 3689 llln
481 3629 651 3716 integrm,
677 3651 745 3695 non
767 3629 945 3694 insiticium
968 3651 1051 3710 esse,
1079 3630 1135 3713 qui
1158 3632 1351 3696 antecedunt
1374 3632 1437 3695 duo
1462 3633 1596 3717 propius

402 3737 576 3802 &memoriae
598 3736 662 3802 fide
685 3737 732 3803 sic
754 3736 999 3802 constituendos
1021 3736 1194 3821 probatum
1218 3739 1335 3803 iremus

522 3843 647 3929 ἄρηξον
669 3842 763 3927 ἐλθέ,
786 3842 841 3908 καὶ
864 3844 941 3908 σκιὰ
964 3843 1098 3928 φάνηθί
1118 3864 1187 3927 μοι·

523 3952 597 4029 ἅλις
619 3951 697 4034 γάρ·
720 3948 833 4016 ἐλθὼν
857 3951 971 4027 ἱκανὸς
994 3948 1037 4015 ἂν
1060 3949 1171 4033 γένοιο
1196 3951 1255 4015 σύ·

521 4059 617 4124 κακοί
640 4060 703 4142 γὰρ
727 4063 795 4122 κτλ.

399 4147 446 4227 Qu
466 4186 496 4230 re
521 4166 585 4230 hoc
612 4164 750 4230 assecuti
778 4186 889 4229 sumus
917 4161 960 4250 (si
990 4164 1086 4228 medo
1110 4186 1147 4228 ea
1170 4168 1282 4228 nostra
1305 4168 1354 4227 est
1377 4165 1485 4247 aliqua
1507 4162 1597 4251 pars)

329 4219 331 4302 i
397 4264 526 4337 stetim
548 4271 747 4337 clarissimus
770 4272 887 4336 iterata
909 4270 1093 4355 tragoediae
1115 4270 1335 4356 recognitione
1358 4271 1508 4335 ultimum
1528 4291 1597 4335 ver-

396 4386 444 4440 !lm
465 4378 599 4445 vinculis
626 4378 770 4443 solutum
798 4378 947 4462 Euripidi
975 4382 1011 4441 ut
1037 4399 1130 4441 suum
1153 4382 1186 4441 et
1208 4377 1350 4441 libertati
1373 4376 1534 4461 redderet,
1561 4379 1596 4442 in
1610 4405 1637 4445 no

393 4479 495 4570 uliquis
522 4486 648 4552 duobus
676 4485 837 4552 obtineret
863 4506 933 4550 eam
961 4507 1057 4568 quam
1080 4484 1171 4568 prius
1194 4488 1395 4568 expresserat
1418 4485 1596 4549 conforma·

391 4586 492 4659 tionem
526 4592 642 4678 Itaque
664 4594 700 4658 iu
721 4591 773 4656 his
797 4592 934 4657 secessio
958 4590 1044 4656 facte
1067 4595 1116 4656 est
1139 4592 1338 4675 opinionum,
1362 4595 1398 4655 ut
1421 4593 1540 4656 assolet
1561 4593 1595 4656 iu

387 4691 433 4764 hoc
449 4700 632 4787 philologae
655 4699 883 4785 disputationis
906 4693 1033 4785 genere,
1056 4698 1103 4761 sio
1123 4702 1162 4762 ut
1184 4697 1381 4762 discedentes
1403 4698 1596 4763 alteralteri

382 4801 547 4894 Euripideis
574 4807 681 4873 verbis
709 4807 815 4872 dicere
841 4807 970 4892 possint
994 4806 1047 4871 ool
1075 4805 1137 4889 μὲν
1164 4805 1300 4869 δοκείτω
1329 4804 1434 4886 ταῦτ’,
1463 4804 1535 4889 ἐμοὶ
1559 4806 1596 4870 δὲ

379 4914 485 4981 τίντία.
520 4914 607 4981 Nam
635 4936 696 4980 nos
722 4935 863 4998 qnoque,
890 4917 927 4977 ut
949 4934 1060 4977 verum
1083 4912 1256 4995 fateamur,
1283 4911 1387 4977 adhuc
1410 4913 1456 4977 ita
1479 4913 1596 4975 iudica-

373 5045 444 5107 mus,
460 5026 496 5088 in
512 5044 610 5087 versu
628 5020 695 5086 495
714 5020 873 5085 inutiliter
891 5022 1056 5085 oneratam
1075 5020 1266 5083 seutentiam
1281 5040 1347 5083 nou
1361 5040 1456 5102 posse
1470 5017 1596 5102 placere

368 5131 459 5218 idque
489 5128 730 5196 incommodum
762 5127 886 5192 variata
917 5128 1076 5208 oratione,
1108 5130 1145 5188 ut
1177 5148 1259 5209 quae
1289 5126 1385 5190 modo
1416 5126 1488 5188 σκιὰ
1518 5128 1596 5203 erut,

365 5240 434 5306 dein
453 5240 539 5324 ὄναρ
557 5236 691 5320 dicatur,
708 5257 775 5301 nou
793 5235 895 5299 minui
914 5232 969 5298 sed
988 5254 1088 5317 peeue
1107 5233 1226 5317 augeri.
1258 5230 1372 5315 Neque
1391 5230 1594 5295 rediissemus

360 5348 399 5416 sd
423 5346 509 5411 hanc
531 5344 763 5430 quaestionem,
785 5343 848 5408 nisi
871 5342 905 5405 in
928 5344 1081 5426 promptu
1105 5344 1189 5405 esset
1212 5362 1231 5403 a
1253 5338 1347 5404 nobis
1368 5342 1439 5402 tum
1458 5341 1596 5421 praeter·
