3925 6675
337 1143 389 1193 DE
398 1143 544 1194 GENERE
553 1142 709 1206 QUODAM
717 1142 872 1194 DICENDI
881 1143 1033 1196 GRAECIS
1042 1144 1278 1208 ROMANISQUE
1288 1146 1484 1199 FAMILIARI.
1504 1146 1570 1210 445

338 1303 547 1385 desideratur,
570 1303 621 1368 his
645 1303 749 1370 causis
772 1303 902 1370 adducti
925 1326 995 1370 eam
1019 1306 1204 1390 opinionem
1223 1307 1429 1392 concepimus
1449 1313 1485 1372 nt
1504 1331 1570 1373 ver·

338 1409 417 1476 burn
443 1409 525 1474 illud
550 1431 619 1476 non
644 1433 742 1496 prave
769 1412 926 1496 scriptum
949 1410 1006 1476 sed
1028 1435 1125 1496 prave
1149 1414 1253 1480 alieno
1280 1413 1353 1480 loco
1377 1415 1570 1480 collocatum

338 1517 568 1584 existimemus.
615 1516 696 1582 Cum
719 1517 805 1582 enim
828 1540 1008 1584 sermonem
1031 1541 1128 1602 supra
1154 1521 1356 1604 propositum
1380 1525 1413 1585 et
1435 1522 1571 1606 explica

339 1629 409 1690 tum
431 1625 578 1709 proxime
600 1625 793 1709 praecedant
815 1625 914 1690 verba
936 1624 1015 1690 haec
1045 1624 1177 1706 ‘Gredo’,
1200 1628 1317 1710 iuquit,
1345 1628 1412 1693 ‘aed
1432 1630 1572 1711 expediri

338 1752 418 1814 quae
434 1737 552 1797 restaret
569 1733 624 1798 vir
635 1738 791 1815 poterunt
813 1734 843 1798 ai
859 1733 916 1796 lsoc
932 1733 1111 1799 inchoatum
1130 1734 1313 1820 relique-id,
1336 1735 1411 1800 inde
1429 1735 1570 1820 suspicio

338 1842 416 1904 nata
438 1843 488 1904 est
509 1839 643 1922 expoliri
665 1838 808 1925 glossam
831 1861 900 1904 esse
923 1839 963 1903 ad
984 1843 1124 1922 eapediri
1146 1840 1340 1926 adscriptam
1364 1842 1399 1906 in
1418 1843 1572 1928 margine,

338 1967 379 2010 ex
401 1967 504 2030 eoque
521 1945 603 2029 loco,
625 1951 663 2010 ut
681 1947 728 2030 fit,
750 1948 785 2010 in
808 1946 992 2012 inferiorem
1011 1947 1118 2013 locum
1138 1948 1276 2014 deletam
1295 1953 1327 2013 et
1348 1971 1421 2014 eum
1441 1949 1571 2033 quidem

339 2053 397 2136 qui
418 2053 482 2118 hoc
504 2057 669 2137 tamquam
692 2054 868 2118 embolium
886 2054 1058 2120 manifesto
1077 2054 1226 2120 excludit.
1264 2054 1335 2132 Quo
1355 2056 1490 2122 consilio
1509 2055 1572 2122 hoc

338 2159 536 2243 adscriptum
555 2164 707 2245 putemus
724 2161 753 2225 si
772 2162 946 2244 quaeritis,
964 2183 1012 2244 eo,
1030 2162 1303 2246 respondebimus,
1323 2165 1409 2248 quod
1427 2164 1572 2229 incircum

339 2265 492 2332 dicuntur
508 2288 591 2350 quae
608 2268 706 2332 mdia
724 2273 808 2346 sunt,
832 2266 1099 2352 quemadmodum
1120 2267 1230 2334 Cicero
1248 2269 1300 2334 vel
1318 2271 1352 2334 in
1371 2269 1466 2334 rebus
1485 2271 1571 2334 litte
1586 2294 1612 2334 ra

338 2374 601 2438 rariis·ioclroata
622 2393 661 2438 ac
681 2375 779 2439 madio
802 2375 975 2459 copulavit,
998 2378 1035 2438 ut
1056 2377 1191 2458 expoliri
1217 2376 1311 2441 alicui
1336 2376 1450 2442 melius
1474 2399 1571 2461 quam

338 2480 480 2561 eapedim
501 2481 532 2544 ei
554 2481 643 2564 quod
666 2481 845 2546 inchoatum
868 2482 986 2546 dicitur
1009 2483 1129 2568 opponi
1152 2483 1307 2548 videatur.

429 2585 551 2663 Quodsi
574 2587 661 2653 hunc
680 2587 790 2653 lusum
808 2610 878 2653 esse
896 2588 1116 2674 appellabunt,
1139 2594 1247 2656 tamen
1265 2591 1387 2656 dabunt
1406 2613 1571 2676 speramus

338 2715 404 2758 non
423 2693 634 2760 indoctiorem
653 2716 723 2760 esse
740 2695 828 2760 hunc
844 2697 952 2760 lusum
969 2696 1010 2760 iis
1030 2718 1112 2780 quos
1126 2698 1181 2762 alii
1199 2699 1347 2763 luserunt
1361 2699 1417 2764 sed
1435 2698 1572 2764 fortasse

337 2802 435 2885 paulo
455 2800 552 2866 etiam
570 2801 818 2886 prudentiorem.
852 2801 915 2868 Sed
933 2807 1015 2868 esto:
1034 2802 1095 2868 hac
1113 2808 1203 2888 parte
1222 2805 1448 2891 redintegrata,
1467 2805 1572 2870 iamne

338 2908 602 2974 manifestarunt
621 2910 752 2974 omnia?
784 2908 878 2974 Nihil
896 2910 1013 2994 minus,
1032 2912 1209 3004 opinamur.
1242 2912 1371 2976 Etenim
1392 2933 1474 2995 quae
1494 2913 1572 2978 dicit

339 3011 449 3097 Scipio
474 3015 624 3080 ‘Tantum
647 3015 785 3101 (scilicet
806 3015 913 3080 Aratii
937 3019 1087 3082 carminis
1111 3019 1215 3083 simile
1239 3019 1336 3083 habet
1353 3019 1434 3084 haec
1453 3017 1570 3106 oratio)

337 3126 372 3186 at
388 3124 448 3187 rite
465 3122 505 3186 ud
523 3143 557 3187 eo
575 3123 700 3188 dicendi
711 3125 877 3206 principia
894 3126 1059 3206 capiamus
1072 3147 1160 3207 quem
1174 3147 1273 3191 arram
1286 3128 1426 3192 omnium
1445 3128 1571 3191 deomm

337 3233 366 3292 et
387 3229 548 3294 domiuum
569 3250 670 3312 regem
693 3250 756 3295 esse
778 3251 883 3296 omues
904 3233 985 3296 docti
1007 3233 1182 3314 indoctique
1201 3231 1409 3298 wnsmtiunt'
1427 3255 1500 3298 cum
1519 3255 1571 3297 ex·

338 3334 500 3420 cipiantur
522 3336 563 3401 ab
586 3337 637 3403 his
661 3337 795 3419 ‘Quidd
819 3341 923 3421 iuquit
945 3339 1083 3405 Laeliae.
1128 3341 1173 3405 Es
1195 3341 1248 3405 dle
1271 3341 1359 3423 ‘quid
1384 3362 1485 3407 censes
1506 3343 1572 3407 arti
1586 3362 1612 3401 so

337 3445 420 3525 quod
441 3450 484 3509 est
507 3450 579 3509 ante
600 3446 751 3527 endoa?',
778 3448 958 3512 necessario
987 3447 1051 3511 iam
1075 3450 1253 3532 quaeritur,
1284 3448 1360 3532 quid
1385 3448 1448 3514 sibi
1470 3450 1571 3515 velint

337 3554 394 3613 aut
425 3571 489 3633 quo
522 3550 702 3616 referantur
730 3552 810 3617 haec
838 3575 919 3637 quae
947 3554 1127 3639 interrogat
1149 3554 1277 3621 Laelius
1305 3560 1338 3621 et
1366 3577 1447 3639 quae
1476 3558 1571 3621 inter-

338 3657 465 3742 roganti
489 3656 537 3722 illi
560 3658 806 3741 respondentur:
834 3660 941 3741 Quid?
963 3662 1067 3743 iuquit
1085 3660 1222 3728 Laelius.
1259 3662 1303 3727 Et
1321 3662 1388 3727 alle:
1411 3664 1489 3745 parii
1506 3683 1572 3727 cen-

336 3782 384 3828 ses
406 3764 472 3829 nisi
492 3766 576 3845 qood
595 3771 639 3830 eat
661 3772 734 3831 unte
755 3765 918 3853 oculos?*)
968 3766 1092 3843 Quibus
1116 3768 1245 3852 quidem
1269 3770 1441 3833 transitum
1464 3770 1571 3854 parari

337 3874 473 3955 apparet
495 3870 535 3935 ad
558 3893 596 3935 ea
618 3894 701 3955 quae
724 3873 874 3958 deinceps
893 3874 991 3939 latius
1011 3879 1229 3958 exponuntur:
1252 3878 1316 3940 mee
1333 3876 1408 3940 haec
1425 3878 1470 3941 ad
1486 3877 1572 3941 atali-

337 3981 431 4043 taren
453 3978 537 4043 citae
557 3980 722 4045 ceaddam
744 3986 820 4046 aurat
840 4002 862 4045 a
877 3980 1081 4063 principalitas
1102 4002 1207 4045 reram
1224 3981 1438 4063 publicanam,
1461 3989 1495 4047 ct
1516 4004 1572 4048 rec

332 4088 500 4165 patoretur
520 4105 604 4151 aare
625 4106 689 4151 esse
710 4088 747 4151 in
769 4087 860 4166 caele,
884 4092 917 4151 et
940 4109 1022 4171 quae
1045 4091 1236 4171 sequuntur:
1259 4110 1333 4152 nam
1357 4088 1435 4152 satis
1457 4093 1506 4153 est
1524 4089 1572 4153 in·

338 4188 447 4275 dicari,
469 4191 503 4255 in
527 4213 592 4276 qua
614 4194 774 4258 sententia
797 4194 988 4277 explicanda
1005 4193 1084 4259 haec
1101 4198 1277 4257 versentur.
1315 4192 1378 4259 Sed
1401 4194 1467 4277 illa,
1490 4217 1571 4279 quae

337 4298 510 4363 transitum
534 4321 646 4383 parare
670 4300 809 4365 diximus
832 4300 872 4365 ed
895 4300 983 4383 haec,
1007 4301 1168 4384 quomodo
1191 4300 1262 4384 ipse
1279 4306 1453 4366 nascantur
1471 4324 1509 4366 ex
1529 4303 1569 4367 iis

338 4425 420 4488 quae
442 4411 698 4489 praecessenmt,
726 4428 841 4491 parum
863 4407 1069 4492 perspicuum
1093 4412 1155 4491 est,
1184 4429 1243 4473 uec
1266 4409 1345 4473 satis
1368 4408 1570 4496 intelligitur,
1585 4429 1612 4470 so

337 4508 418 4575 illud
444 4514 524 4594 quid
549 4534 614 4597 quo
643 4514 713 4578 solo
737 4514 841 4579 Laelii
867 4514 1079 4601 interrogatio
1110 4516 1293 4581 continetur
1316 4538 1380 4600 quo
1404 4518 1571 4601 pertineat,

337 4617 365 4681 si
393 4617 523 4702 quidem
550 4618 584 4684 in
613 4620 834 4704 superioribus
861 4621 944 4686 nihil
971 4626 1034 4707 est,
1065 4644 1130 4706 quo
1153 4622 1264 4688 referri
1288 4624 1400 4709 possit.
1446 4622 1572 4708 Inque

336 4744 372 4788 re
394 4724 585 4810 interpretes
608 4726 750 4791 Tulliani
774 4749 833 4793 nos
856 4728 939 4792 nihil
963 4728 1124 4809 adiuvant,
1148 4730 1204 4814 qui
1227 4730 1282 4796 hic
1301 4736 1338 4796 ut
1356 4753 1450 4816 saepe
1469 4732 1571 4797 videri

284 4833 323 4891 15
338 4830 453 4895 solunt
475 4831 656 4919 intelligere
680 4855 761 4917 qnae
783 4857 849 4899 non
873 4834 1073 4921 intelligimt:
1098 4838 1149 4901 vel
1172 4858 1227 4901 eos
1251 4838 1279 4901 si
1303 4838 1375 4921 quis
1399 4838 1490 4903 adeat
1515 4841 1570 4923 qui

338 4936 399 5003 hos
420 4937 521 5003 lihros
545 4936 734 5005 Germanice
756 4946 935 5026 verterunt,
957 4942 1056 5007 rerba
1079 4942 1140 5007 sibi
1164 4943 1233 5007 dari
1257 4948 1430 5029 cognoscet
1452 4966 1511 5009 nec
1534 4966 1571 5009 ea

338 5045 442 5129 magis
461 5050 573 5130 aperte
591 5068 660 5111 esse
675 5044 863 5114 Germanice
881 5071 978 5133 quam
997 5048 1127 5115 fuerunt
1144 5050 1267 5115 Latine.
1304 5048 1417 5134 Itaque
1437 5056 1571 5137 tempte-

427 5222 491 5289 ’24)
510 5220 564 5293 [De
583 5222 716 5277 orationis
735 5222 826 5278 forma
845 5224 880 5278 ct'.
895 5224 973 5279 Brut.
989 5232 1032 5292 46,
1048 5230 1098 5279 170
1122 5226 1189 5281 Item
1205 5228 1320 5291 Borma,
1340 5227 1407 5296 qaid
1426 5234 1455 5281 tu
1474 5228 1569 5299 ἐρίων,

338 5310 439 5379 iuquit,
457 5310 558 5366 trilicis
575 5313 637 5367 iera
654 5314 869 5383 exterruerunt
881 5314 1056 5371 oratoribus?
1084 5315 1158 5387 Quid
1171 5332 1268 5383 cemes,
1287 5316 1410 5385 iuquam,
1429 5318 1485 5371 m'si
1499 5316 1569 5371 idem

339 5400 413 5468 quod
430 5400 556 5467 artasia,
570 5408 681 5470 praem
698 5419 786 5457 coam
805 5404 875 5476 equ]
