3925 6675
635 1131 816 1184 amoma
834 1130 1030 1181 PLATONICI
1048 1128 1352 1180 OBSERVATIONES.
1551 1122 1615 1188 371

521 1292 618 1379 Hipp.
643 1293 719 1358 min.
737 1315 769 1377 p.
787 1291 845 1374 46,
864 1291 905 1355 21
953 1289 1090 1356 ἐπειδὰν
1118 1288 1330 1373 συγγένωμαί
1356 1312 1401 1376 τςο
1428 1288 1523 1372 ὑμῶν
1551 1298 1619 1352 τῶν

599 1400 870 1481 εὐδοκιμούντων
892 1395 946 1462 ἐπὶ
970 1401 1075 1485 σοφίᾳ

519 1505 599 1571 Ibid.
617 1529 650 1591 p.
669 1505 722 1590 52,
740 1505 781 1569 31
829 1501 885 1589 ἐμὲ
907 1502 969 1586 μὲν
993 1502 1094 1570 οὐδὲν
1112 1505 1309 1588 θαυμαστὸν
1328 1509 1520 1568 πλανᾶσθαι
1539 1498 1619 1567 οὐδὲ

599 1615 703 1679 ἄλλον
722 1610 872 1695 ἰδιώτην·
892 1614 920 1677 εἰ
940 1613 977 1677 δὲ
996 1611 1051 1677 καὶ
1070 1611 1164 1696 ὑμεῖς
1182 1614 1393 1694 πλανήσεσθε
1412 1611 1447 1675 οί
1459 1612 1563 1693 σοφοί
1576 1646 1618 1654 -

520 1719 587 1786 Ion.
606 1743 637 1805 p.
656 1719 748 1803 57st
796 1719 928 1784 decoriter
950 1719 1045 1801 ὑμῶν
1068 1731 1136 1784 τῶν
1159 1730 1290 1800 σοφῶν,
1314 1718 1398 1782 infra
1421 1716 1555 1781 allatum

521 1827 654 1893 Phaedr.
673 1850 704 1910 p.
723 1826 781 1910 68,
799 1827 844 1892 20
889 1837 959 1903 τοῖς
986 1830 1060 1892 τότε
1088 1827 1144 1891 ἅτε
1171 1826 1233 1890 οὐκ
1261 1821 1337 1890 οὖσι
1367 1835 1485 1908 σοφοῖς
1509 1823 1618 1904 ὥσπερ

599 1934 695 2018 ὑμεῖς
718 1934 754 1998 οί
773 1933 844 1998 νέοι
868 1935 975 2018 inquit
999 1932 1145 1998 Socrates
1168 1932 1316 1997 Phaedro

520 2041 595 2127 Lag.
614 2064 645 2126 p.
666 2042 683 2104 1
691 2091 700 2124 ,
720 2041 762 2105 13
773 2038 846 2105 seh.
892 2052 1017 2125 φαῖμεν
1039 2039 1082 2105 ἂν
1104 2041 1196 2123 ἡμεῖς
1219 2063 1256 2121 γε
1280 2039 1315 2103 οί
1336 2042 1464 2123 Κρῆτες
1487 2037 1533 2100 ait
1557 2034 1619 2099 Cli-

598 2149 670 2212 niae
694 2146 770 2212 Cres
793 2152 826 2212 et
849 2169 945 2231 quern
970 2146 1097 2211 Cretam
1121 2169 1189 2211 esse
1212 2148 1276 2210 iarn
1300 2147 1458 2229 apparuit.

400 2236 531 2319 Quomm
563 2255 701 2320 fortasse
732 2253 857 2318 nullum
890 2258 940 2318 est
973 2254 1059 2338 quod
1086 2276 1144 2337 per
1172 2276 1205 2318 ae
1234 2253 1339 2318 solum
1366 2251 1523 2336 probandi
1552 2251 1618 2314 vim
1635 2273 1660 2312 ιο

400 2342 515 2446 habet,
535 2363 707 2427 coniuncta
731 2361 796 2426 iam
819 2360 962 2428 indicant
987 2362 1021 2425 in
1044 2382 1141 2445 quam
1164 2364 1341 2445 partemue
1361 2359 1619 2442 scriptorisoon-

399 2469 524 2534 mendo
546 2469 749 2550 converterit,
773 2469 829 2552 qui
852 2469 880 2531 si
903 2489 1035 2552 parcere
1057 2467 1187 2532 volebat
1209 2468 1327 2550 verbis,
1349 2487 1527 2550 pronomen
1544 2463 1620 2528 faoi-

396 2552 465 2636 Ῑῑῑιε
483 2598 570 2660 quam
593 2575 680 2660 quod
703 2575 888 2660 pronomini
911 2574 1029 2638 adiecit
1052 2573 1232 2659 relinquere
1255 2577 1389 2657 poterat.

484 2680 555 2748 Plus
573 2683 726 2767 ponderis
743 2680 910 2746 habebunt
927 2680 1007 2744 haec
1025 2702 1106 2765 quae
1124 2682 1278 2765 leguntur
1296 2681 1330 2744 in
1344 2678 1422 2743 Ione
1441 2676 1485 2764 (p.
1500 2677 1553 2760 53,
1565 2675 1620 2764 14)

551 2800 615 2863 Καὶ
642 2800 709 2883 μὴν
735 2798 895 2873 πολλάκις
922 2819 959 2878 γε
988 2794 1132 2880 ἐζήλωσα
1159 2796 1257 2880 ὑμᾶς
1282 2799 1375 2871 τοὺς
1398 2793 1621 2888 ῥαψῳδούς,

549 2899 676 2988 ὦἾων,
693 2914 751 2988 τῆς
763 2904 892 2989 τέχνης·
906 2907 944 2969 τὸ
958 2905 1022 2989 γὰρ
1037 2905 1102 2985 ἅμα
1116 2899 1178 2987 μὲν
1191 2905 1228 2968 τὸ
1243 2915 1336 2987 σῶμα
1351 2906 1620 2985 κεκοσμῆσθαι

549 3011 600 3079 ἀεὶ
622 3011 751 3097 πρέπον
773 3011 868 3096 ὑμῶν
891 3003 977 3076 εἶναι
1000 3020 1038 3097 τῇ
1062 3009 1159 3096 τέχνῃ
1183 3009 1237 3074 καὶ
1261 3011 1306 3086 ὡς
1328 3012 1523 3083 καλλίστους
1542 3007 1619 3091 φαί-

548 3126 687 3203 νεσθαι,
718 3119 785 3201 ἅμα
814 3118 853 3183 δὲ
880 3118 1062 3201 ἀναγκαῖον
1089 3110 1175 3182 εἶναι
1202 3120 1240 3182 ἔν
1266 3140 1300 3181 τε
1329 3117 1443 3191 ἄλλοις
1470 3124 1620 3197 ποιηταῖς

550 3228 735 3310 διατρίβειν
756 3222 812 3289 καὶ
836 3276 842 3287 .
862 3274 895 3288 ..
920 3227 1066 3307 ζηλωτόν
1089 3223 1187 3289 ἐστιν.

387 3316 451 3399 DQ
474 3342 597 3426 quibua,
624 3344 677 3407 uei
704 3343 765 3406 hae
791 3340 940 3406 libertate
970 3340 1161 3425 disserendi,
1189 3341 1252 3405 hoo
1279 3340 1419 3425 primum
1447 3359 1623 3421 monemus,
1638 3360 1664 3398 ro

387 3423 581 3514 &hamum
603 3448 707 3512 videri
729 3469 796 3513 non
814 3453 900 3514 reete
918 3454 1145 3531 κεκοσμῆσθαι
1165 3448 1329 3531 delevisse,
1352 3469 1416 3530 quo
1435 3446 1521 3511 facto
1542 3467 1623 3529 quae

386 3554 515 3621 ‘mant
537 3577 652 3640 parum
679 3558 754 3640 apte
782 3556 1067 3639 coniungerentur,
1094 3556 1131 3620 τὸ
1155 3556 1218 3637 γὰρ
1242 3556 1279 3619 τὸ
1304 3562 1397 3638 σῶμα
1420 3552 1471 3618 ἀεὶ
1495 3551 1624 3635 πρέπον

388 3640 489 3732 ὑμῶν
509 3656 594 3728 εἶναι
615 3660 772 3747 τῇτέχνῃ
791 3659 846 3725 καὶ
865 3662 909 3737 ὡς
927 3665 1126 3737 καλλίστους
1145 3665 1338 3745 φαίνεσθαι,
1361 3660 1418 3724 aed
1438 3660 1623 3741 orationem,

390 3768 490 3836 (lum
505 3768 735 3836 Siallbaumiue
752 3790 851 3852 prave
869 3769 1003 3852 aooepit,
1021 3769 1054 3832 in
1073 3766 1159 3832 huno
1176 3767 1308 3832 modum
1327 3789 1396 3831 esse
1415 3766 1623 3831 evolvendam

390 3864 438 3929 *ὅ
460 3874 580 3961 τρίπον
602 3868 689 3941 εἶναι
711 3874 808 3957 ὑμῶν
829 3884 869 3960 τῇ
892 3873 991 3959 τέχνῃ
1015 3877 1053 3940 τὸ
1077 3887 1170 3957 σῶμα
1188 3880 1415 3959 κεκοσμῆσθαι
1436 3872 1560 3939 ἀείκαὶ
1580 3872 1624 3947 ὡς

391 3981 588 4060 καλλίστους
610 3982 810 4065 φαίνεσθαι,
837 3986 870 4046 ei
892 3979 1021 4064 πρέπον
1044 3974 1129 4047 εἶναι
1154 3982 1216 4047 dioi
1240 3980 1507 4065 quemadmodum
1530 4002 1560 4063 p.
1581 3977 1621 4040 67

393 4069 467 4150 i*1¹11
489 4081 541 4155 ολα
567 4086 704 4173 γυναικὶ
731 4088 900 4171 πρέποντα
927 4086 1020 4153 ἐστιν
1048 4092 1153 4153 εἰπεῖν
1181 4111 1276 4173 quam
1304 4078 1358 4152 οἷα
1387 4086 1485 4169 ἀνδρί
1507 4083 1624 4168 πρέπει

395 4185 501 4260 εἰπεῖν
522 4196 649 4262 dieitur.
681 4193 806 4258 Deinde
828 4195 923 4259 nobis
947 4216 1020 4259 oum
1039 4194 1169 4260 Nabero
1192 4217 1303 4260 rursus
1327 4217 1377 4258 res
1401 4197 1458 4274 est,
1482 4193 1537 4276 qui
1561 4190 1623 4255 sibi

395 4302 542 4368 muniam
573 4306 612 4368 nt
644 4306 719 4366 ante
750 4303 813 4385 τὴν
841 4313 909 4366 τῶν
937 4314 1123 4387 σοφιστῶν,
1156 4304 1202 4368 sie
1229 4324 1315 4367 nuno
1342 4304 1420 4377 τοὺς
1448 4299 1625 4386 ῥαψῳδοὺς

396 4405 595 4475 θῐίαιοιιδοιιι
616 4408 731 4473 statuit
749 4405 830 4494 (obs.
849 4410 918 4473 orii.
937 4431 967 4493 p.
985 4408 1041 4495 14)
1060 4409 1217 4493 nobisque
1235 4431 1336 4473 unum
1355 4408 1451 4472 exiis
1471 4405 1624 4489 exemplis
1639 4428 1666 4469 ιο

397 4510 514 4597 θῆραίῖ
534 4516 654 4601 quibus
677 4516 768 4580 usuri
790 4537 915 4580 eramus
938 4515 995 4580 illu
1018 4522 1055 4580 ut
1077 4515 1319 4581 vindicaremus.
1357 4514 1419 4579 Sed
1442 4514 1520 4578 lieet
1537 4535 1626 4596 aper-

397 4603 471 4684 tum
497 4624 538 4689 sit
564 4622 714 4688 Socrates
746 4643 828 4705 quos
856 4622 941 4686 dieat
968 4623 1069 4707 ὑμᾶς,
1101 4626 1206 4687 tamen
1235 4622 1419 4706 pronomini
1446 4620 1519 4685 addi
1547 4622 1626 4696 τοὺς

400 4709 572 4814 &mode
594 4730 630 4794 in
652 4750 690 4794 ea
712 4730 884 4813 praecipue
907 4730 1066 4794 sententia
1090 4751 1170 4813 quae
1193 4728 1425 4813 rhapsodorum
1450 4729 1548 4792 vitam
1571 4726 1626 4790 ha-

400 4810 561 4919 bitumque
589 4835 762 4919 describat,
792 4856 865 4901 eum
893 4836 933 4900 iia
961 4836 1117 4920 exemplis
1146 4858 1226 4919 quae
1254 4858 1352 4920 supra
1379 4834 1546 4900 attulimus
1575 4834 1626 4897 de

400 4920 537 5115 {zudiiur
562 4947 634 5007 ium
661 4941 714 5007 hie
742 4964 823 5026 quae
851 4944 996 5026 proxime
1024 4944 1064 5007 ad
1092 4944 1180 5007 illum
1204 4942 1446 5007 similitudinem
1470 4940 1626 5006 accedunt

449 5044 518 5131 .6”ί,
533 5048 569 5135 6)

409 5168 608 5203 χ-------

417 5269 515 5361 dfflfleo
530 5313 556 5365 p.
572 5300 645 5364 1⁸‚1
667 5293 745 5365 ἴσμεν
763 5294 817 5367 γάρ
835 5315 892 5350 πον
910 5296 1023 5363 πάντες,
1043 5292 1084 5349 ὅτι
1104 5292 1175 5350 ὅπου
1195 5293 1231 5350 ἂν
1250 5303 1331 5349 τοῦτο
1346 5294 1372 5363 (ὁ
1386 5291 1497 5363 χρυσός)
1510 5292 1626 5363 προσγί-

421 5378 501 5446 Ψω,
518 5382 569 5439 ιδιν
591 5381 730 5454 πρότερον
753 5384 869 5457 αίσχρδν
888 5382 1038 5454 φαίνηται,
1061 5386 1149 5440 ιιαλδν
1168 5393 1300 5452 φανεῖται
1318 5387 1411 5456 χρυσῷ
1426 5402 1456 5453 γε
1475 5381 1626 5451 κοσμηθέν.

1357 5473 1413 5515 91*
