3925 6675
682 1120 966 1170 sununsmouns
985 1119 1199 1170 rmusmsn.
1517 1118 1560 1181 35

554 1284 638 1346 Tum
660 1287 726 1345 tom
749 1280 884 1362 aliquem
907 1287 1071 1362 coponium
1093 1302 1202 1345 cureris:

388 1388 534 1454 Eatenus
557 1388 669 1452 abeant
691 1409 712 1451 a
732 1387 844 1468 sobrie.
880 1385 1000 1454 ‘Unum
1023 1387 1077 1451 ubi
1099 1390 1290 1452 emeritumst
1310 1388 1515 1470 strpendium,

387 1497 497 1579 letter
518 1502 584 1559 tunt
607 1495 760 1576 aperiam
782 1496 919 1559 cemitw
940 1516 999 1576 quo
1021 1497 1142 1559 eueniat
1163 1495 1349 1576 avedificotio.

319 1601 466 1678 Quorum
491 1603 530 1666 de
554 1602 680 1666 duobus
703 1601 816 1685 primis
840 1623 937 1684 supra
959 1600 1098 1665 diximus
1117 1622 1157 1664 ne
1177 1601 1209 1664 in
1228 1601 1289 1666 hee
1308 1601 1436 1685 quidem
1455 1601 1561 1666 forms

319 1731 418 1792 quam
443 1711 704 1794 recuperavimus
727 1729 796 1771 esse
820 1707 904 1791 quod
929 1729 1078 1772 mensura
1099 1707 1319 1792 addubitatum
1342 1729 1446 1791 neque
1466 1729 1560 1790 quar-

318 1823 374 1881 tus
403 1837 471 1880 non
499 1816 739 1900 integerrimam
769 1814 1057 1879 conformationem
1086 1814 1190 1879 habet.
1233 1812 1297 1878 Sed
1320 1814 1359 1880 de
1382 1815 1478 1878 tertio
1504 1817 1559 1898 qui

318 1944 405 1987 unus
434 1927 485 1988 est
511 1922 546 1986 in
573 1921 684 1986 codice
711 1920 833 2006 ambigi
855 1943 922 1985 non
945 1919 1063 1985 iniuria
1085 1925 1207 2004 potest,
1235 1922 1318 1984 sitne
1341 1943 1452 1986 revera
1474 1945 1559 1986 unus

317 2051 361 2092 an
385 2029 421 2092 in
446 2028 525 2093 duas
548 2027 724 2112 particulas
747 2028 983 2111 dispeecendus.
1019 2027 1064 2092 nt
1086 2050 1146 2092 nos
1170 2027 1298 2112 quidem
1322 2029 1369 2093 ita
1392 2030 1557 2110 sentimus,

316 2135 379 2198 has
404 2134 485 2199 duas
508 2139 616 2218 partes
640 2156 721 2218 quae
743 2156 848 2218 neque
867 2135 1080 2200 continuitate
1098 2134 1223 2199 numeri
1243 2134 1558 2218 comprehenduntur

316 2264 426 2326 neque
459 2243 638 2307 sententiae
670 2242 793 2306 unitate
820 2239 909 2328 (nam
936 2242 1026 2325 prior
1053 2264 1127 2326 pars
1154 2241 1310 2325 superiori
1339 2241 1476 2306 orationi
1505 2242 1557 2306 ad·
1573 2269 1599 2310 ιο

315 2350 478 2431 nectitur,
505 2349 545 2413 ab
574 2350 674 2413 alters
700 2371 784 2413 nova
812 2349 928 2432 incipit
955 2347 1111 2433 narratio)
1140 2349 1255 2413 melius
1283 2350 1316 2412 in
1343 2349 1557 2413 duceremus

315 2456 430 2520 dividi.
472 2453 536 2520 Sed
559 2455 717 2539 quidquid
739 2457 894 2520 statuitur
917 2454 1015 2541 (nihil
1038 2457 1123 2520 enim
1147 2456 1310 2520 definitius
1334 2454 1558 2541 affirmamus),

314 2563 383 2627 hoc
409 2562 587 2626 cavendum
615 2584 684 2627 esse
712 2564 808 2627 etiam
837 2567 934 2647 atque
959 2563 1057 2628 etiam
1081 2565 1211 2646 mimus,
1238 2585 1279 2627 ne
1302 2565 1495 2646 orationem,
1524 2564 1556 2626 in

313 2692 385 2752 qua
411 2667 496 2733 nihil
523 2675 572 2734 est
600 2669 686 2753 quod
714 2668 911 2734 emendando
935 2670 1085 2753 temptari
1110 2669 1224 2734 debeat
1247 2674 1303 2734 aut
1326 2669 1434 2744 liceat,
1461 2671 1556 2734 metri

313 2774 446 2842 scilicet
463 2797 560 2841 causa
578 2776 618 2840 ad
635 2780 780 2841 nostrum
799 2777 989 2841 arbitratum
1004 2779 1240 2842 conformemus
1254 2799 1291 2842 ac
1306 2777 1556 2861 pessumdemus.

311 2883 386 2947 Ser.
404 2905 446 2947 m
465 2881 641 2948 Novembri
661 2907 687 2947 a
702 2899 965 2948 uncccnxxxxl.
