3925 6675
697 1132 748 1182 nn
765 1132 948 1183 nuarrmre
966 1132 1147 1184 nnucnns.
1274 1118 1275 1122 ’
1490 1133 1531 1196 77

295 1287 589 1356 Wilamowitainm
608 1290 686 1378 (vid.
700 1315 731 1377 p.
747 1291 828 1379 214)
847 1293 1021 1358 difficultas
1037 1316 1100 1378 qua
1114 1293 1193 1359 haec
1207 1296 1378 1379 explicatio
1392 1297 1532 1362 laborat:

295 1420 416 1483 nempe
439 1397 546 1463 Pallas
568 1420 629 1464 nec
652 1403 726 1464 ante
750 1403 927 1464 memorata
949 1404 999 1465 est
1021 1422 1125 1484 neque
1153 1423 1239 1466 nunc
1261 1402 1329 1468 eius
1352 1404 1533 1487 praesentia

294 1509 345 1569 ita
375 1504 550 1570 denotatur
581 1510 618 1569 ut
649 1527 720 1570 earn
757 1506 859 1571 oculis
896 1507 1003 1571 videre
1040 1528 1131 1571 senes
1163 1506 1334 1574 Thebanos
1371 1515 1532 1594 appareat.

295 1611 428 1677 Referri
452 1615 560 1676 autem
583 1611 674 1676 iubet
696 1612 756 1676 hos
781 1614 940 1677 tumultus
964 1635 1046 1697 quos
1068 1612 1175 1679 Pallas
1203 1621 1355 1699 provocet
1378 1617 1412 1680 in
1435 1616 1531 1681 domo

292 1718 338 1783 ad
361 1740 506 1804 eaquae
532 1720 665 1784 nuntius
693 1725 803 1783 narrat
826 1719 957 1784 v.1002
981 1742 1051 1805 sqq.
1074 1719 1214 1786 Palladis
1243 1722 1424 1788 interventu
1451 1721 1532 1788 Her-

292 1825 380 1889 culis
400 1826 528 1891 furores
546 1847 748 1911 compressos
767 1847 846 1909 esse,
864 1825 942 1892 ἀλλ’
959 1822 1066 1909 ἦλθεν
1085 1829 1194 1909 εἰκών,
1212 1829 1257 1905 ὡς
1271 1827 1354 1912 ὁρᾶν
1368 1826 1533 1914 ἐφαίνετο,

294 1934 437 2008 Παλλὰς
464 1931 681 2016 κραδαίνουσ’
709 1929 805 2016 ἔγχος
832 1931 1010 2018 έπίίογχον
1033 1934 1103 2018 χερί
1131 1936 1272 2018 κᾶρριψε
1294 1934 1417 2018 πέτρον
1441 1937 1533 2020 στέρ-

291 2063 360 2103 νον
392 2043 443 2116 είς
467 2037 670 2123 Ἡρακλέους
700 2046 768 2104 κτλ.
814 2039 902 2116 Quae
932 2045 1041 2105 tamen
1070 2062 1143 2105 cum
1175 2041 1239 2105 illis
1269 2041 1359 2107 chori
1388 2044 1532 2108 versibus

292 2148 460 2211 curiosius
483 2148 661 2210 conferenti
688 2167 754 2211 non
777 2147 869 2211 valde
892 2148 1075 2212 consentire
1098 2147 1300 2215 videbuntur.
1345 2147 1451 2226 Quare
1473 2173 1532 2216 nos

290 2254 394 2317 aliter
420 2253 697 2338 interpretandum
726 2257 880 2338 putamus
907 2259 1005 2338 atqua
1031 2254 1300 2339 proficiscendum
1328 2278 1396 2320 esse
1423 2257 1464 2322 ab
1491 2259 1531 2322 iis
1547 2282 1573 2322 ιο

283 2352 381 2443 'quae
405 2360 524 2424 Λύσσα
548 2360 647 2424 choro
670 2361 820 2426 audiente
843 2360 987 2446 prodidit
1009 2361 1048 2424 de
1071 2361 1166 2426 rebus
1190 2384 1269 2446 quas
1292 2363 1380 2427 iussu
1398 2362 1532 2429 Iunonis

293 2471 434 2551 gestura
456 2471 543 2532 esset
566 2467 600 2531 in
623 2467 719 2531 domo
741 2465 892 2532 Herculis
914 2491 943 2532 τ.
959 2468 1026 2532 864
1044 2490 1113 2552 sqq.

460 2573 514 2638 καί
539 2573 730 2658 καταρρήξω
754 2573 906 2659 μέλαθρα
929 2575 984 2640 καί
1008 2575 1133 2656 δόμους
1156 2574 1328 2660 ἐπεμβαλῶ

460 2678 546 2745 τέκν’
574 2680 795 2746 ἀποκτείνασα
817 2692 959 2764 πρῶτον.

292 2787 447 2872 Cumque
476 2808 568 2851 senes
599 2788 738 2853 Λύσσαν
768 2790 801 2853 in
832 2788 965 2852 domurn
995 2789 1166 2852 intrantem
1197 2791 1363 2854 evanuisse
1393 2791 1532 2857 viderint

293 2894 396 2976 (8733
427 2891 518 2979 880),
548 2893 635 2958 haud
666 2893 755 2958 dubii
786 2895 864 2979 quin
895 2899 1020 2959 tantum
1051 2918 1171 2960 numen
1200 2895 1282 2961 nihil
1312 2918 1421 2963 eorum
1450 2919 1532 2982 quae

292 3002 410 3085 cupiat
434 3002 600 3083 ἄκραντον
622 3001 798 3085 relinquat,
828 3002 938 3066 statim
967 3023 1003 3065 ee
1032 3023 1113 3085 quae
1136 3003 1240 3067 voluit
1267 3008 1300 3067 et
1327 3026 1392 3087 quo
1419 3006 1532 3070 ordine

292 3107 401 3172 uoluit
430 3107 609 3191 perfectum
639 3109 678 3172 iri
706 3109 885 3191 confidunt,
914 3110 1054 3192 primum
1082 3130 1198 3193 pueros
1222 3109 1370 3175 Herculis
1398 3115 1532 3195 paterna

295 3237 396 3278 manu
422 3214 536 3297 occidi,
559 3214 633 3279 dein
657 3215 786 3279 domum
807 3215 929 3279 moveri
948 3237 986 3280 ac
1004 3215 1150 3280 funditus
1169 3216 1364 3282 labefactari.
1405 3216 1530 3283 Harum

297 3321 400 3405 igitur
418 3344 525 3386 rerum
545 3322 671 3407 seriem,
690 3344 785 3405 quam
805 3322 975 3407 profitente
994 3322 1053 3388 dea
1067 3326 1263 3408 compertam
1277 3323 1384 3409 habet,
1403 3324 1530 3411 chorus,
1545 3352 1572 3391 ao

300 3450 492 3512 quamquam
511 3428 581 3494 fieri
599 3429 682 3494 nihil
700 3429 797 3512 videt,
815 3434 911 3493 cantu
925 3452 984 3495 suo
999 3432 1219 3515 prosequitur:
1236 3432 1270 3496 id
1285 3432 1371 3516 quod
1386 3433 1531 3517 chorum,

303 3535 418 3619 quippe
448 3535 602 3601 scientem
630 3558 712 3620 quae
740 3537 953 3620 exspectanda
979 3542 1099 3619 essent,
1131 3538 1235 3602 facere
1263 3541 1405 3623 potuisse
1433 3542 1530 3604 etiam

306 3640 390 3706 nulla
410 3641 659 3726 Amphitryonis
682 3642 913 3708 exclamatione
933 3644 1125 3709 intrinsecus
1144 3645 1262 3729 audita,
1286 3647 1357 3729 quis
1377 3648 1531 3732 negabit?

310 3744 405 3821 Quare
426 3750 548 3833 pueris,
576 3757 613 3814 ut
636 3753 744 3834 putat,
771 3750 834 3814 iam
858 3751 986 3835 occisis,
1014 3772 1086 3816 curn
1114 3752 1243 3817 domum
1272 3756 1399 3818 concuti
1423 3756 1530 3836 sentit,
1620 3746 1623 3751 ¹

315 3856 374 3917 turn
391 3854 445 3920 illa
463 3857 621 3922 exclamat
640 3857 717 3921 ἰδού
737 3857 823 3938 ἰδού,
846 3858 974 3922 θύελλα
997 3860 1078 3923 σείει
1097 3860 1200 3943 δῶμα,
1225 3863 1403 3941 συμπίπτει
1423 3860 1529 3944 στέγη.

320 3956 429 4025 Ᾱοοίᾱίί
459 3968 567 4028 autem
596 3968 718 4046 motus,
748 3985 843 4047 quem
874 3964 991 4029 chorus
1022 3964 1112 4049 dicit,
1142 3987 1207 4030 non
1234 3971 1303 4030 tum
1327 3990 1399 4031 curn
1422 3966 1530 4032 Pallas

324 4067 518 4145 udaivovr’
545 4066 642 4154 ἔγχος
654 4066 770 4155 ἵρρινε
784 4069 907 4153 πέτρον
921 4071 1061 4155 στέρνον
1075 4073 1122 4148 εἰς
1131 4071 1335 4154 Ἡρακλέους
1350 4071 1451 4160 (1003
1467 4074 1529 4160 sq.)

325 4170 367 4234 sed
384 4179 448 4239 tum
473 4197 544 4240 cum
564 4175 719 4241 Hercules
738 4175 834 4264 (998)
857 4178 901 4254 ὡς
924 4176 973 4243 ἐπ’
1002 4179 1115 4255 αὐτοῖς
1134 4179 1175 4262 δὴ
1195 4182 1463 4246 Κυκλωπείοισιν
1482 4179 1531 4245 ὧν

326 4278 435 4346 “ederae
457 4284 612 4367 μοχλεύει
633 4286 792 4367 θύρετρα,
814 4283 989 4368 κάκβαλὼν
1012 4287 1145 4369 σταθμὰ
1168 4287 1372 4370 superstitem
1395 4310 1541 4371 puerum⁴

328 4383 431 4452 tertium
463 4411 527 4453 una
557 4411 629 4453 curn
659 4395 760 4454 matre
790 4396 962 4456 mactatum
992 4392 1059 4457 ivit.
1105 4391 1193 4457 Haeo
1220 4416 1279 4458 nos
1307 4414 1380 4458 cum
1408 4400 1530 4478 speeta—
1543 4420 1572 4459 so

328 4489 427 4559 toribus
454 4518 493 4560 ex
521 4497 627 4561 nuntii
654 4497 838 4562 narratione
865 4500 1090 4582 perspicimus,
1120 4498 1236 4563 chorus
1267 4505 1421 4583 quantum
1451 4502 1529 4566 satis

329 4604 379 4661 erat
397 4623 433 4666 ex
452 4604 589 4687 Λύσσης
610 4604 717 4667 verbis
741 4603 822 4688 (664
840 4604 902 4689 sq.)
925 4611 1129 4690 cognoverat,
1153 4609 1208 4691 qui
1232 4628 1313 4691 quae
1336 4607 1370 4671 in
1389 4612 1530 4673 extrema

327 4709 394 4780 Parte
405 4711 521 4774 cantici
536 4714 644 4774 cantat
653 4710 734 4795 (905
744 4710 837 4795 sqq),
852 4733 923 4775 curn
938 4714 1084 4797 utrisque
1099 4715 1176 4777 satie
1191 4714 1374 4797 conspirare
1389 4721 1528 4799 apparet.

327 4801 363 4873 Er
381 4835 439 4897 quo
462 4816 670 4901 perspicuum
695 4817 742 4899 fit,
765 4819 849 4893 Διὸς
872 4830 930 4882 παῑ
954 4821 1009 4902 qui
1029 4820 1209 4904 appellatur
1228 4819 1323 4907 (901)
1343 4844 1406 4886 non
1427 4820 1528 4885 Palla-

325 4910 377 4982 dem
396 4943 477 5005 esse,
507 4916 604 5006 quam
627 4924 730 4988 nescit
753 4924 870 4988 chorus
892 4925 1016 5008 adesse,
1040 4926 1094 4989 sed
1117 4925 1303 5010 Herculem,
1332 4950 1426 5011 quern
1450 4927 1529 4992 haec

322 5028 498 5100 ntanmm
530 5029 661 5094 edoctus
692 5035 754 5112 est,
784 5035 816 5093 et
846 5032 901 5113 qui
926 5033 1010 5107 Διὸς
1036 5030 1173 5115 ἔκγονος
1201 5036 1233 5097 in
1262 5035 1373 5099 eodem
1403 5036 1527 5099 cantico

321 5124 416 5198 dicitur
437 5159 466 5199 τ.
482 5136 547 5200 8ῑὸ
571 5135 625 5221 (τί.
640 5136 706 5200 696
730 5140 762 5199 εί
787 5136 901 5222 1020);
924 5160 1027 5221 neque
1051 5140 1183 5204 dubium
1204 5163 1272 5205 esse
1292 5140 1427 5223 videtur,
1450 5143 1528 5224 quin

320 5229 406 5304 Pallas
440 5242 473 5306 in
508 5247 652 5307 extremo
681 5244 806 5307 cantico
834 5244 896 5308 nisi
925 5248 1174 5328 comparationis
1203 5270 1298 5312 causa
1325 5271 1392 5313 non
1419 5249 1528 5311 affera-

317 5350 369 5429 tur,
401 5355 431 5413 et
463 5348 655 5414 sententiam
687 5350 720 5413 in
747 5349 834 5414 hunc
861 5351 993 5415 modurn
1022 5352 1174 5436 explicari
1203 5359 1350 5438 oporteat
1377 5355 1527 5438 τάραγμα
