3925 6675
410 2028 505 2101 XLI.
534 2026 705 2099 INDEX
732 2025 1049 2099 LEGTIONUM
1078 2025 1423 2100 AESTIVARUM
1451 2029 1549 2100 1895.

331 2200 347 2256 ⁸
453 2201 505 2267 De
537 2201 684 2267 versibus
716 2201 881 2267 nonnullis
910 2199 1100 2286 Sophocleis
1131 2202 1165 2266 in
1198 2201 1449 2267 controversiam
1477 2203 1600 2267 vocatis

361 2331 497 2397 agemus
519 2310 567 2374 ita
588 2309 810 2393 potissimum,
833 2312 871 2373 ut
893 2313 950 2373 aut
973 2309 1076 2393 ipsius
1098 2313 1213 2393 poetae
1236 2329 1314 2372 usus
1338 2308 1464 2373 dicendi
1487 2308 1599 2374 sedulo

361 2418 554 2482 observatus
572 2420 628 2480 aut
646 2415 783 2480 aliorum
803 2416 1007 2500 scriptorum,
1030 2416 1128 2480 etiam
1146 2415 1276 2501 longius
1295 2419 1503 2499 remotorum,
1522 2416 1599 2480 asci-

362 2527 412 2587 tae
435 2522 666 2588 similitudines
690 2523 724 2586 in
746 2521 808 2587 hac
830 2521 1065 2606 interpretandi
1084 2543 1182 2606 opera
1201 2522 1278 2605 quid
1299 2521 1425 2586 valeant
1444 2523 1600 2607 exemplis

362 2630 556 2714 quibusdam
589 2628 796 2694 declaremus.
842 2628 928 2693 Nam
959 2630 1164 2714 interpretes,
1195 2651 1255 2694 nec
1283 2631 1389 2694 solum
1418 2628 1600 2714 Sophoclei,

363 2736 459 2801 nimis
478 2758 575 2820 saepe
593 2736 640 2800 ita
658 2735 767 2800 officio
786 2757 845 2800 suo
864 2735 1048 2801 satisfacere
1067 2736 1253 2820 instituunt,
1276 2740 1313 2800 ut
1330 2736 1414 2801 nihil
1432 2738 1600 2821 scriptoris

365 2845 412 2908 sui
433 2865 559 2909 morem
582 2843 752 2926 persecuti,
773 2843 892 2907 nedum
916 2841 1053 2907 aliorum
1073 2845 1197 2907 ratione
1216 2847 1410 2927 comparata,
1434 2843 1542 2907 omnia
1561 2865 1601 2908 ex

367 2949 469 3014 verbis
496 2949 594 3034 ipsis,
620 2949 659 3014 de
687 2950 804 3034 quibus
832 2950 1047 3015 cummaxime
1074 2953 1188 3036 egunt,
1215 2954 1324 3034 petere
1351 2971 1446 3034 posse
1470 2950 1532 3014 sibi
1555 2952 1600 3014 vi·

369 3056 505 3121 deantur.
548 3054 632 3120 Sunt
653 3057 750 3121 etiam
774 3057 830 3141 qui
853 3055 915 3120 hoc
938 3078 1040 3144 genus
1063 3077 1167 3141 omne,
1190 3057 1276 3140 quod
1295 3058 1515 3142 exemplorum
1534 3079 1595 3122 usu
1612 3081 1639 3123 ιο

371 3164 501 3228 maxime
520 3164 713 3247 continetur,
731 3168 896 3247 tamquam
915 3162 1031 3228 inutile
1045 3168 1257 3247 aspernantur
1270 3168 1303 3228 et
1316 3163 1457 3228 ludibrio
1470 3164 1599 3248 habent,

374 3268 427 3333 sibi
452 3270 590 3336 fidentes
617 3273 650 3334 et
677 3269 717 3334 ad
745 3271 795 3336 sui
823 3270 944 3358 ingenii
971 3270 1104 3334 modum
1127 3271 1162 3334 in
1185 3274 1328 3336 veterum
1352 3273 1498 3337 oratione
1522 3271 1601 3357 quid

376 3382 450 3443 recte
472 3377 551 3462 quid
573 3399 672 3462 prave
695 3377 815 3442 elatum
838 3377 951 3443 haberi
975 3377 1089 3442 debeat
1113 3378 1308 3443 dirimentes.
1350 3377 1380 3442 A
1404 3379 1521 3463 quibus
1539 3401 1599 3444 nos

380 3480 417 3547 ita
435 3484 642 3551 dissentimus
664 3489 711 3569 ut,
734 3506 929 3569 quamquam
953 3484 1032 3550 olim
1056 3506 1150 3570 saepe
1170 3487 1266 3550 multi
1284 3490 1361 3569 apta
1379 3488 1489 3571 inepta
1506 3486 1601 3551 utilis

383 3587 493 3655 inutilia
514 3614 630 3677 parum
654 3590 789 3657 subacto
812 3592 933 3657 iudicio
953 3613 1124 3678 congerere
1144 3591 1300 3676 solebant,
1323 3597 1431 3657 tamen
1449 3598 1535 3657 recte
1553 3593 1601 3657 in-

385 3696 479 3763 stituta
501 3698 721 3783 exemplorum
747 3698 920 3763 selectione
943 3698 998 3763 vix
1022 3720 1091 3763 esse
1113 3699 1275 3764 efficacius
1299 3704 1524 3784 argumentum
1543 3722 1600 3784 pu·

387 3803 471 3869 tenus
498 3828 564 3890 quo
593 3809 650 3869 aut
673 3827 755 3889 qnae
777 3805 854 3869 libri
878 3809 990 3871 tenent
1013 3828 1085 3871 cum
1109 3804 1341 3871 addubitantur
1363 3808 1413 3870 sui
1438 3806 1600 3871 similibus

390 3911 532 3977 confirmes
555 3917 612 3977 aut
635 3913 821 3977 criticorum
844 3912 1013 3977 fastidiose
1035 3913 1154 3977 iudicia
1177 3913 1323 3977 confutes
1347 3934 1418 3977 cum
1443 3935 1524 3995 quae
1546 3935 1600 3978 ne-

392 4022 450 4096 gant
468 4019 536 4084 fieri
558 4042 654 4104 posse
677 4042 771 4104 saepe
791 4022 826 4084 in
844 4021 1001 4104 proximis
1020 4021 1142 4085 intecta
1160 4018 1226 4105 legi
1245 4019 1412 4084 ostendere
1430 4020 1515 4084 licet.
1548 4019 1600 4084 In-

395 4119 502 4203 cipimus
524 4131 632 4191 autem
656 4149 675 4191 a
697 4127 922 4192 minutissimis
947 4126 1140 4211 quibusdam
1164 4126 1416 4210 quaestionibus.
1475 4139 1483 4159 ·
1613 4152 1639 4191 ro

461 4235 485 4296 1.
516 4232 605 4310 Quae
627 4232 757 4298 Electra
779 4234 858 4298 dicit
881 4234 916 4297 in
938 4256 976 4297 ea
999 4234 1093 4318 ῥήσει
1118 4256 1181 4318 qua
1205 4231 1437 4317 Chysothemin
1457 4255 1599 4298 sororem

323 4379 325 4438 ,
396 4350 549 4412 permovere
577 4340 686 4405 studet
714 4337 826 4405 Oreste
854 4342 970 4405 misera
994 4344 1097 4405 morte
1121 4339 1291 4424 absumpto
1315 4344 1353 4404 ut
1375 4362 1484 4405 secum
1503 4340 1600 4427 Aegi·

323 4441 324 4478 l
399 4438 479 4508 ⁸thun
500 4468 720 4542 percussorem
742 4449 845 4532 patrie
867 4448 938 4512 neci
961 4447 1036 4511 dare
1060 4470 1100 4511 ne
1124 4447 1311 4511 extimescat
1334 4444 1377 4533 (v.
1397 4444 1477 4533 967)

578 4552 649 4619 ἀλλ’
677 4553 720 4637 ἣν
742 4554 862 4641 ἐπίσπῃ
886 4564 956 4631 τοῖς
980 4554 1071 4636 ἐμοῖς
1093 4555 1334 4638 βουλεύμασιν,

577 4672 712 4745 πρῶτον
733 4662 795 4747 μὲν
819 4660 991 4744 εὐσέβειαν
1014 4659 1050 4726 ἐκ
1072 4663 1196 4746 πατρὸς
1218 4660 1305 4726 κάτω

485 4839 487 4843 ,
578 4771 745 4846 θανόντος
767 4775 852 4834 οἴσει
875 4778 936 4833 τοῦ
959 4772 1161 4853 κασιγνήτω
1185 4767 1227 4833 θ’
1250 4769 1315 4850 ἅμα

402 4862 662 4941 iniislleinekius
684 4875 806 4961 duplici
828 4875 1051 4940 emendatione
1074 4897 1151 4940 usus
1175 4878 1233 4956 est,
1256 4897 1328 4939 cum
1347 4879 1403 4940 aut
1422 4874 1457 4939 ἐκ
1475 4877 1599 4958 πατρὸς

401 4967 464 5036 ’ἀΐω
481 4982 658 5058 medones
676 4986 732 5046 aut
749 4981 837 5048 κάτω
856 4988 1011 5058 refoveor
1030 4982 1233 5046 scribendum
1252 4986 1455 5065 proponeret,
1474 4983 1599 5045 θανόν-

377 5074 444 5149 trop
460 5090 553 5153 sutem
576 5088 628 5153 ‘ex
651 5088 759 5176 glossa
781 5088 992 5154 interlineari'
1016 5089 1050 5152 in
1071 5094 1194 5153 textum
1214 5089 1340 5153 illatum
1360 5110 1428 5153 esse
1449 5091 1598 5151 censeret.

402 5174 513 5266 Apparet
531 5195 608 5280 quid
626 5218 699 5261 eum
718 5197 869 5261 moverit:
892 5196 1101 5281 participium
1121 5195 1398 5279 circumspiciebat
1419 5216 1491 5259 cum
1510 5192 1597 5257 κάτω
1612 5218 1638 5257 ιο

403 5292 467 5367 ΨΜ
484 5306 560 5367 recte
579 5302 732 5390 coniungi
750 5306 868 5388 posset
908 5302 945 5367 ln
964 5325 1028 5386 qua
1046 5325 1080 5367 re
1100 5324 1295 5386 quamquam
1313 5324 1379 5366 non
1398 5322 1516 5385 paucos
1536 5300 1598 5364 sibi
