3925 6675
394 1118 459 1184 348
587 1123 619 1173 L.
638 1122 754 1172 INDEX
771 1122 987 1174 momorum
1006 1123 1248 1174 HIBERNARUM
1268 1121 1351 1192 1899)
1356 1125 1433 1175 1900.

393 1281 581 1348 stabilitum.
623 1282 712 1348 Haeo
743 1288 781 1347 ut
813 1283 853 1348 ad
885 1283 1087 1368 probabilem
1119 1283 1255 1349 formam
1288 1282 1525 1370 redigerentur,
1558 1283 1622 1349 iam

393 1387 589 1456 Goerenziue
608 1390 665 1455 illa
683 1391 747 1455 dno
765 1389 924 1455 voeabula
943 1395 1058 1458 meaa
1075 1394 1108 1454 et
1125 1397 1288 1473 tamquam
1306 1395 1343 1455 ut
1362 1413 1401 1455 ex
1419 1389 1624 1478 glossematis

393 1501 465 1562 orta
487 1498 700 1584 expungenda
721 1501 811 1562 ratus
834 1501 898 1582 est3
921 1519 986 1582 quo
1009 1497 1095 1564 laeto
1108 1501 1282 1582 tamquam
1305 1496 1454 1562 Tulliana
1475 1498 1554 1563 bueo
1577 1521 1623 1564 re·

390 1603 615 1688 linquerentur
636 1625 716 1688 meae
737 1605 862 1686 quidem
882 1607 1038 1688 suptartee
1060 1611 1229 1686 sequautur
1251 1605 1327 1670 duee
1347 1609 1474 1683 amara,
1497 1605 1531 1669 in
1555 1605 1623 1690 qui-

390 1710 452 1776 bus
479 1709 562 1775 nihil
587 1715 637 1776 est
659 1711 804 1796 profecto
828 1711 916 1795 quod
938 1710 1199 1796 reprehendatur.
1236 1710 1444 1794 Eandemque
1467 1713 1623 1778 rationem

390 1818 544 1884 fidentius
570 1822 739 1884 exsecutus
767 1822 817 1884 eet
843 1817 1040 1904 Madvigius,
1068 1819 1126 1902 qui
1152 1819 1186 1883 in
1210 1817 1314 1883 tribue
1338 1819 1405 1883 suia
1428 1817 1623 1883 editionibus

391 1924 471 1991 haee
493 1925 542 1990 ita
562 1925 769 2009 exprimenda
792 1927 916 1991 curavit
932 1927 1088 2008 sapientae
1105 1931 1274 2008 sequuntur
1292 1925 1426 2010 [utentes
1443 1924 1624 2010 tamqaeam]

391 2033 467 2098 duee
484 2037 623 2110 ,natura
651 2033 793 2097 retinens
820 2055 893 2097 eum
917 2031 1061 2098 ordinem
1084 2031 1253 2098 verborum
1279 2033 1334 2116 qui
1358 2032 1465 2096 estin
1487 2033 1623 2096 vetustis

393 2140 603 2206 editionibus:
618 2163 692 2205 nam
707 2143 738 2205 in
754 2141 847 2206 libris
859 2161 898 2205 ea
912 2139 1006 2205 aliter
1020 2139 1167 2204 ordinata
1180 2161 1249 2204 esee
1264 2139 1412 2203 diximus.
1432 2137 1493 2203 Sed
1508 2137 1623 2204 melius
1639 2143 1681 2199 1ss

351 2269 379 2310 ro
393 2252 427 2312 et
444 2248 485 2312 ad
503 2249 688 2313 memoriam
702 2248 859 2313 librorum
874 2247 1146 2314 accommodatius
1161 2245 1248 2331 haee,
1267 2245 1454 2330 oeteroquin
1467 2245 1623 2332 Madvigii

391 2355 572 2420 rationibus
595 2354 750 2439 probatis,
772 2353 946 2420 Muellerus
969 2353 1079 2438 edidit,
1103 2375 1175 2418 oum
1199 2375 1236 2418 ea
1255 2353 1302 2418 sio
1320 2353 1425 2418 notari
1444 2351 1556 2418 mallet
1572 2373 1624 2420 so·

385 2463 508 2545 pintae
535 2461 688 2546 [mdes]
709 2468 880 2544 aequuum·
901 2463 977 2527 draca
998 2466 1115 2526 natura
1138 2459 1346 2546 [dompetram]
1383 2459 1529 2546 Longius
1551 2481 1621 2544 pro

391 2568 496 2632 taetus
517 2567 673 2632 Baiterus
704 2569 739 2632 in
770 2571 906 2652 utraque
933 2589 1030 2652 qnam
1058 2568 1184 2652 paravit
1211 2566 1365 2648 editione,
1399 2587 1463 2651 quo
1490 2566 1624 2632 nitidior

393 2678 477 2740 esaet
499 2677 607 2741 textus
624 2675 731 2740 forma
747 2695 827 2739 neve
846 2695 1002 2740 aneorum
1022 2673 1177 2758 quadrata
1195 2674 1300 2760 figura
1317 2673 1494 2760 legentium
1514 2673 1625 2740 oeulos

393 2781 539 2866 violaret,
562 2803 643 2865 quae
666 2781 715 2846 illi
738 2781 891 2847 uncinata
912 2781 1069 2846 dederunt
1091 2784 1128 2846 ut
1151 2779 1241 2864 falsa,
1263 2803 1304 2846 ne
1327 2781 1478 2846 toleravit
1496 2781 1625 2865 quidem

393 2889 427 2953 in
442 2888 577 2954 ordine:
599 2895 679 2971 qaue
698 2888 824 2971 quidem
846 2890 1002 2970 sapientae
1023 2894 1192 2970 sequuntur
1215 2889 1291 2954 duce
1311 2894 1437 2954 notura.
1470 2886 1572 2972 Atqui
1591 2889 1624 2952 in

391 2996 445 3060 his
463 3000 501 3060 ut
518 2994 601 3060 nihil
619 2999 670 3060 est
686 2995 839 3060 nimirum
859 2995 1054 3078 offensionis,
1072 2995 1118 3059 ita
1136 3017 1177 3060 ne
1196 2995 1276 3060 illud
1296 2993 1425 3079 quidem
1441 2995 1626 3079 perspicias,

392 3104 448 3186 qui
474 3103 595 3167 factum
621 3102 666 3166 eit
693 3102 727 3165 in
754 3100 814 3166 bae
840 3102 1078 3187 simplicissima
1101 3102 1246 3167 oratione
1269 3107 1306 3166 ut
1329 3102 1432 3166 aliena
1454 3101 1627 3168 sedulitate

392 3210 535 3276 illudue
558 3209 714 3274 voeabula
736 3213 770 3273 et
791 3209 855 3274 isto
879 3209 1008 3292 quidem
1032 3209 1143 3274 ordine
1167 3207 1368 3274 adderentur.
1406 3207 1450 3272 Et
1471 3207 1551 3274 baeo
1574 3209 1626 3274 de·

350 3338 379 3379 aa
391 3316 552 3401 liberatio,
572 3339 638 3402 qua
660 3315 742 3382 nibil
764 3316 868 3402 magis
890 3316 1094 3401 inpromptu
1115 3320 1193 3399 erat,
1213 3315 1343 3381 tandem
1362 3315 1467 3401 ipsum
1487 3315 1629 3383 advertit

391 3423 591 3510 Madvigium
618 3426 675 3509 qui
703 3447 729 3488 a
755 3423 840 3489 1869
868 3424 903 3487 iu
926 3424 1027 3487 altera
1050 3423 1189 3487 editione
1213 3424 1414 3488 adnotationi
1438 3444 1503 3508 qna
1525 3424 1627 3489 mani·

391 3532 508 3595 festam
526 3552 595 3596 esse
613 3531 899 3615 interpolationem
913 3530 1130 3595 elimaverat
1148 3530 1225 3595 haee
1244 3530 1371 3595 adiecit:
1392 3530 1527 3595 “verum
1541 3530 1627 3595 unde

391 3638 473 3708 baeu
498 3637 656 3702 aeoribere
679 3638 719 3702 ad
742 3638 818 3702 duee
839 3642 958 3703 notura
982 3636 1133 3719 ouiqnam
1157 3638 1190 3703 in
1214 3642 1353 3701 mentem
1378 3637 1486 3702 venit?
1513 3638 1624 3721 etqui

393 3746 445 3809 eia·
457 3744 613 3809 dietraota
630 3748 671 3809 et.
681 3744 877 3828 transposita
895 3743 994 3808 verba
1007 3748 1093 3827 sunt,
1112 3743 1248 3809 alterum
1263 3744 1297 3807 in
1311 3744 1471 3827 omnibns,
1489 3744 1626 3810 alterum

393 3850 428 3915 in
450 3850 636 3917 melioribus
660 3850 846 3917 codicibus?
869 3852 948 3915 latet
970 3849 1094 3934 aliquid
1118 3848 1312 3933 huiusmodi,
1335 3872 1414 3932 qaue
1431 3850 1555 3933 quiden
1573 3871 1628 3917 ea·

385 3959 509 4042 prestes
534 3959 703 4024 videntes
730 3964 900 4041 aequum
926 3958 1003 4023 duee
1029 3962 1146 4021 notura
1173 3979 1251 4025 eom
1279 3957 1409 4023 viam.'’
1444 3956 1492 4021 De
1520 3978 1625 4023 eruen-

393 4064 490 4130 dandi
513 4065 681 4130 conamine
704 4065 783 4151 quid
806 4065 1011 4131 iudioandum
1035 4065 1079 4129 eit
1102 4067 1215 4148 postea
1237 4064 1424 4129 videbimus.
1462 4064 1523 4129 Sed
1543 4064 1625 4130 illud

392 4173 558 4239 verissime
579 4177 618 4237 ut
640 4177 791 4257 putemne
814 4172 945 4258 negavit
967 4171 1121 4237 credibile
1144 4192 1213 4236 aeae
1234 4170 1291 4235 illa
1309 4171 1373 4236 duo
1392 4170 1557 4258 voeabula,
1579 4172 1628 4237 ita

393 4284 539 4365 separata
561 4281 759 4363 praesertim,
782 4300 873 4345 auam
896 4278 1099 4364 glossematis
1123 4276 1281 4364 originem
1301 4277 1422 4343 debere.
1459 4276 1523 4343 Sed
1540 4277 1627 4345 hano

352 4404 379 4446 ιι
393 4386 633 4471 prudentissimi
656 4386 796 4450 hominia
815 4384 1122 4450 animadversionem
1137 4384 1332 4450 novissimus
1346 4384 1450 4449 editor
1464 4390 1521 4450 aut
1534 4386 1627 4472 igno·

393 4494 475 4558 ravit
504 4497 560 4556 aut
588 4493 795 4576 contempsit,
826 4496 912 4556 eerte
938 4492 1080 4576 perrexit
1103 4490 1224 4557 Baiteri
1250 4492 1388 4578 vestigia
1414 4490 1528 4577 legere.
1570 4490 1628 4557 Sia

393 4600 478 4663 enim
506 4598 611 4663 solent
638 4598 792 4683 praeclari
820 4600 938 4681 eritiei,
965 4599 1019 4682 qui
1045 4599 1121 4683 quia
1143 4600 1286 4665 rescissis
1309 4598 1436 4663 duobus
1460 4598 1627 4664 vooabnlia

392 4710 495 4770 restat
512 4706 617 4771 oratio
635 4727 699 4770 non
719 4704 951 4789 vituperabilis,
973 4705 1007 4769 in
1027 4727 1065 4771 ea
1083 4708 1299 4789 aequiescunt,
1317 4705 1400 4770 nihil
1418 4706 1512 4771 anxie
1531 4728 1625 4791 quae·

393 4818 501 4877 rentes
519 4812 603 4877 unde
620 4814 836 4879 aooeesiouem
854 4814 949 4877 istam
968 4813 1087 4877 faotam
1107 4818 1265 4898 putemus,
1289 4834 1385 4897 quam
1405 4812 1555 4879 auferunt
1574 4812 1624 4877 vel

394 4920 571 4985 secludunt
608 4919 708 4997 Quasi
731 4940 806 4984 vero
825 4919 892 4984 ulla
908 4920 992 4984 ratio
1013 4924 1160 4985 constare
1179 4924 1297 5005 posset,
1321 4922 1412 4985 ouius
1430 4940 1505 5005 pars
1524 4922 1627 4986 altera

393 5028 428 5091 in
450 5027 587 5094 obscuro
609 5029 697 5092 latet.

482 5133 552 5199 Noe
575 5138 614 5199 ut
630 5135 759 5218 penitus
777 5134 991 5219 perspiciatur
1009 5135 1037 5199 si
1056 5135 1126 5200 fieri
1144 5134 1259 5219 possit,
1282 5134 1360 5219 qnid
1379 5134 1507 5201 tandem
1527 5134 1624 5201 oden·

394 5241 494 5306 sionis
517 5245 573 5305 aut
597 5240 786 5306 insolentiae
808 5241 924 5306 babere
947 5240 1092 5307 dieamus
1115 5242 1209 5307 istam
1234 5264 1329 5325 quam
1353 5240 1532 5307 excutimus
1556 5262 1624 5306 ora·
1809 5312 1810 5317 γ

393 5347 524 5432 tionem,
547 5348 728 5413 omittimus
746 5348 911 5434 paulisper
928 5348 1080 5415 traditam
1099 5350 1167 5413 eius
1187 5348 1381 5433 scripturam
1400 5352 1432 5413 et
1450 5348 1627 5433 profioieoi·
