3925 6675
680 1141 858 1190 ADDENDA
876 1141 922 1190 ET
943 1139 1178 1191 CORRIGENDA
1196 1142 1232 1193 II.

464 1297 523 1352 ΤΗ.
542 1298 618 1353 Scin
635 1298 695 1353 colo
712 1301 779 1367 quoi
795 1299 949 1353 reddidmti.
983 1299 1038 1352 LY.
1059 1301 1151 1354 Lnsco
1169 1299 1264 1353 teberto
1282 1306 1344 1354 tao.-

464 1390 497 1443 16
515 1388 697 1443 Summanum
715 1405 743 1443 se
760 1391 855 1443 vocari
872 1389 959 1443 disin
977 1391 1004 1443 ei
1020 1388 1143 1443 reddidi:

373 1482 426 1529 646
466 1477 522 1548 Qui
537 1478 589 1531 luis
607 1478 721 1532 tabellas
739 1478 897 1548 obsignatas
915 1479 1017 1532 attulit.
1055 1477 1113 1531 ΤΗ.
1135 1477 1212 1549 Quas
1230 1481 1261 1533 ns
1279 1480 1347 1532 milri
1365 1481 1487 1545 tabellas,

465 1566 538 1636 an's
557 1573 588 1620 ta
605 1568 674 1621 milri
692 1568 780 1621 ῑοιοοόο
798 1567 914 1631 libertos,
932 1582 1000 1636 qaas
1018 1566 1182 1622 &nemanso
1198 1567 1340 1621 somnias?

463 1659 521 1710 Nec
538 1657 607 1709 milri
624 1655 734 1725 attidem
753 1657 865 1710 libertus
882 1657 976 1710 611666.
1015 1655 1071 1709 LY.
1091 1657 1177 1711 Facis
1194 1658 1349 1724 sapientias

467 1744 555 1814 96666
569 1762 641 1813 pars
659 1746 786 1799 lenonum
806 1745 915 1799 libertos
932 1746 982 1814 qai
998 1745 1099 1799 liabent
1116 1752 1141 1799 et
1159 1761 1203 1800 eoa
1220 1747 1354 1799 desernrst.

375 1838 428 1886 649
465 1832 524 1887 ΤΗ.
546 1834 621 1904 (laid
638 1833 747 1900 fecisti?
779 1833 834 1886 LY.
858 1834 937 1904 Quod
955 1834 1097 1888 mandasti
1113 1835 1168 1900 feci
1186 1837 1229 1888 tui
1246 1836 1357 1889 lionoris
1374 1838 1482 1906 gratia,

467 1925 556 1977 Tuam
575 1926 624 1992 qui
640 1926 748 1994 signatu
769 1923 807 1976 od
825 1940 865 1977 nie
883 1925 1019 1977 attulisset
1039 1926 1167 1978 stantium
1185 1941 1219 1978 ne
1236 1941 1396 1992 spernerem.

409 2012 438 2064 in
462 2012 589 2066 oratione
613 2012 727 2080 quidem
751 2011 823 2064 nihil
846 2028 906 2066 6666
930 2011 1097 2065 crediderim
1121 2012 1196 2080 quod
1217 2029 1272 2066 uon
1292 2013 1406 2082 egregie
1424 2013 1490 2067 huic
1510 2030 1572 2068 sen·

408 2101 561 2155 tentiamm
584 2103 614 2154 et
637 2101 772 2154 sermonis
796 2100 926 2154 decursui
950 2101 1110 2155 conveniat:
1137 2119 1202 2153 nam
1225 2104 1278 2168 feci
1302 2119 1413 2170 quoque
1437 2103 1467 2155 in
1490 2119 1572 2155 versu

409 2195 460 2243 649
479 2189 694 2257 insequentibus
714 2188 805 2242 verbis
824 2191 867 2243 tni
883 2191 995 2244 honoris
1012 2192 1107 2261 aratia
1125 2189 1225 2244 melius
1245 2191 1343 2244 adesse
1358 2207 1472 2245 censeas
1487 2209 1572 2260 quam

408 2279 562 2333 abessent
585 2278 689 2348 expelli
712 2278 772 2331 sine
796 2278 899 2332 damno
922 2278 1020 2346 possit.
1058 2278 1243 2348 Interrogatio
1267 2282 1362 2332 autem
1388 2280 1461 2350 Quid
1483 2282 1574 2346 fecisti

407 2385 463 2422 non
481 2371 541 2421 tarn
559 2367 759 2437 interrogantis
774 2371 818 2421 est
837 2367 886 2436 qui
905 2383 1068 2436 responsum
1088 2371 1232 2436 exspectet
1251 2384 1336 2437 quam
1356 2369 1523 2423 admirantis
1543 2372 1572 2423 et

407 2473 465 2511 rem
489 2456 594 2510 iactam
618 2472 701 2526 aegre
721 2455 846 2510 ferentis.
879 2455 940 2521 Quo
959 2457 1088 2527 graviora
1107 2461 1172 2511 sunt
1191 2473 1263 2525 quae
1282 2457 1311 2510 in
1330 2474 1459 2511 versuum
1480 2459 1571 2512 forma

406 2545 546 2615 legentem
571 2546 742 2614 impediant,
767 2545 900 2614 quoniam
924 2548 954 2600 et
976 2564 1000 2600 v.
1021 2552 1073 2599 646
1097 2549 1126 2601 66
1150 2551 1201 2600 649
1226 2546 1308 2601 ambo
1328 2548 1376 2602 sed
1396 2565 1452 2602 non
1471 2548 1571 2603 eodem

406 2635 490 2689 modo
518 2635 677 2705 legitimum
706 2635 929 2703 septenariomm
957 2634 1096 2689 ambitum
1124 2636 1276 2703 excedunt,
1304 2639 1336 2690 ut
1363 2637 1495 2706 frequens
1518 2637 1571 2692 illa

408 2725 596 2778 controversia
620 2726 765 2790 nascatur,
791 2724 912 2777 orationi
935 2728 1030 2777 utrum
1053 2724 1118 2793 plus
1141 2725 1229 2778 tribui
1248 2741 1283 2779 an
1303 2729 1455 2780 metrorum
1473 2743 1569 2780 neces·

407 2812 486 2867 nitati
505 2816 643 2881 oporteat
674 2812 804 2867 Fortasse
822 2812 905 2866 fallor
924 2829 975 2866 nec
994 2813 1149 2882 quidquam
1169 2813 1278 2869 affirmo
1298 2815 1499 2869 confidentius:
1518 2814 1569 2868 sed

406 2903 482 2956 certe
500 2902 529 2955 in
549 2904 680 2970 promptu
701 2904 745 2955 666
759 2900 926 2969 exemplum,
946 2902 1037 2955 versui
1052 2908 1104 2956 646
1119 2903 1194 2969 quod
1209 2905 1353 2973 geminum
1367 2904 1413 2969 sit,
1433 2906 1462 2957 et
1475 2903 1571 2973 ipsum

406 2990 580 3044 dubitationi
602 2991 788 3044 multifariam
812 2991 972 3045 obnoxium.
1005 2990 1124 3046 Versum
1147 2992 1210 3047 dico
1229 2993 1362 3047 Pseudoli
1381 3013 1391 3046 1
1411 2999 1440 3059 9,
1456 2999 1500 3060 26,
1519 2993 1569 3062 qui

406 3079 447 3132 ibi
465 3079 575 3134 medius
594 3080 668 3133 inter
686 3080 823 3133 baccheos
843 3099 914 3133 unus
933 3079 1093 3134 trochaicus
1112 3081 1296 3150 interpositus
1315 3085 1371 3149 est,

1215 3171 1265 3226 PS.
1287 3173 1353 3227 Vah.

408 3259 519 3313 Manto.
535 3259 707 3314 lisaniae.
723 3259 972 3325 6666166666.
988 3259 1569 3332 ΒΑ.Ηοοάιοοοοοοροοΐοοεο4666966666.

405 3346 447 3401 De
465 3364 522 3415 666
539 3366 635 3402 versus
654 3349 745 3403 torma
763 3348 903 3417 quidquid
921 3348 1064 3415 statuitur,
1083 3352 1194 3403 tantum
1213 3351 1277 3405 dieo
1295 3352 1415 3419 prosecta
1434 3368 1491 3421 666
1504 3366 1570 3421 par·

405 3437 494 3490 ticula
517 3437 589 3491 nihil
608 3439 703 3506 aptius
722 3437 788 3492 huic
806 3437 880 3504 loco,
905 3438 976 3491 nihil
995 3438 1171 3506 frequentius
1191 3443 1235 3494 est
1252 3440 1281 3493 in
1301 3439 1396 3494 Plauti
1415 3440 1568 3495 comoediis

405 3526 539 3595 temptari
557 3543 614 3580 non
633 3527 742 3583 debere.
776 3528 876 3582 l'ersui
894 3527 977 3582 alteri
992 3525 1167 3582 Curculionis
1181 3532 1264 3599 (649),
1283 3529 1312 3582 in
1327 3547 1382 3597 quo
1397 3546 1464 3584 sane
1478 3530 1571 3585 seclu-

406 3632 467 3668 sum
480 3617 534 3681 feci
546 3616 738 3671 restituendae
753 3633 900 3672 mensurae
914 3618 984 3672 satis
999 3618 1076 3682 iacit,
1091 3618 1141 3687 qui
1155 3618 1260 3673 similas
1275 3620 1333 3672 siut
1342 3620 1436 3687 plures
1447 3617 1568 3673 afferun-

405 3706 452 3757 tur
474 3704 503 3757 iu
527 3707 606 3759 nunt.
625 3706 704 3759 acad.
726 3711 793 3759 1907
813 3726 841 3775 p.
861 3712 997 3775 109666,
1021 3707 1124 3775 quibus
1148 3706 1202 3761 hoc
1225 3724 1322 3761 cavere
1346 3707 1508 3774 studebam,
1532 3725 1568 3762 nc

404 3792 471 3846 dum
490 3809 604 3848 normae
623 3794 758 3848 metricae
778 3796 965 3850 succurrimus
985 3796 1076 3850 oratio
1096 3796 1273 3865 depravetur.

331 3881 363 3936 P.
378 3887 440 3948 661,
457 3888 490 3936 19
518 3882 658 3937 Lucianus
678 3883 767 3938 Verae
791 3884 926 3938 historiae
945 3902 993 3939 rc.
1010 3890 1024 3937 7
1045 3884 1186 3954 (volup.
1202 3891 1251 3950 43,
1267 3885 1394 3955 isselslr.)
1412 3880 1449 3953 ἦν
1467 3887 1499 3941 δὲ
1518 3888 1565 3939 nal

404 3970 468 4042 ἴχνη
487 3971 539 4027 δύο
558 3970 676 4041 πλησίον
695 3972 818 4041 ἀλλήλων
837 3972 1012 4041 tasiniacus,
1031 3974 1062 4028 τὸ
1082 3973 1132 4042 μὲν
1151 3977 1329 4041 πλεθριαῖον,
1350 3975 1382 4028 τὸ
1397 3974 1428 4029 di
1444 3974 1568 4030 ἔλαττον.

405 4062 466 4131 ἐμοὶ
486 4063 591 4127 δοκεῖν,
609 4062 640 4115 τὸ
660 4061 710 4130 μὲν
725 4062 866 4117 Διονύσου
885 4063 916 4117 τὸ
935 4059 1109 4132 μικρότερον,
1127 4061 1253 4130 θάτερον
1272 4062 1303 4117 δὲ
1322 4072 1372 4117 τοῦ
1388 4062 1566 4130 Ἡρακλέους.
