3925 6675
812 1129 862 1178 DE
882 1128 1000 1179 OVIDII
1018 1128 1149 1179 rasum.
1261 1128 1265 1138 '

433 1290 497 1354 201
548 1289 727 1355 Carmentis
743 1295 856 1372 portae
877 1291 982 1354 dextro
1006 1295 1049 1354 cat
1070 1291 1124 1353 aia
1141 1291 1291 1371 proclino
1317 1291 1406 1354 iano:

592 1397 646 1462 Ire
661 1396 825 1479 perhanc
846 1396 925 1474 aeli,
948 1397 1091 1479 quisquis
1112 1416 1159 1461 cs:
1183 1417 1272 1461 macc
1294 1395 1394 1473 habet,

359 1503 577 1590 intelligimus
599 1508 729 1589 poetam
752 1502 813 1569 hac
835 1503 943 1587 lepida
961 1502 1076 1581 forma,
1099 1524 1172 1568 cum
1192 1504 1299 1567 nescio
1320 1525 1414 1587 quem
1434 1504 1526 1587 quasi
1545 1525 1603 1588 per

360 1632 546 1675 sermonem
570 1611 726 1695 appellat,
753 1610 838 1674 riam
861 1611 956 1674 istam
981 1631 1063 1693 quae
1087 1610 1198 1674 dextro
1223 1610 1296 1675 iano
1320 1614 1432 1693 portae
1456 1608 1603 1674 Carmen·

360 1719 438 1782 talis
463 1718 561 1782 ducat
584 1717 765 1782 describere
788 1716 828 1781 ab
852 1739 952 1801 eaque
975 1717 1029 1780 via
1052 1716 1191 1781 ineunda
1214 1717 1333 1801 quippe
1357 1718 1441 1781 male
1460 1718 1603 1781 ominata

358 1825 529 1890 dehortari
562 1823 653 1889 velle.
701 1822 763 1888 Sed
795 1826 858 1888 iam
887 1824 1070 1908 quaerimus
1099 1822 1176 1907 quid
1204 1821 1321 1888 Ovidio
1350 1823 1477 1888 consilii
1505 1823 1604 1888 tuerit

360 1931 443 1997 haec
466 1932 656 2017 exponenti,
679 1933 735 2015 qui
758 1930 817 1995 has
840 1953 891 1995 res
916 1929 1065 1995 videlicet
1086 1953 1153 1996 nou
1175 1930 1262 2014 ipsas
1286 1934 1399 2014 suapte
1423 1950 1518 1994 causa
1539 1934 1603 1994 ret-

358 2038 478 2103 tulisse
502 2038 680 2102 censendus
704 2042 760 2103 est.
802 2038 848 2101 Et
869 2043 989 2119 tamen,
1013 2038 1040 2101 si
1064 2059 1184 2121 revera,
1207 2036 1477 2122 quemadmodum
1501 2041 1550 2102 cst
1569 2038 1604 2100 iu

360 2144 453 2209 Petri
479 2146 666 2228 examplari,
688 2145 749 2209 hoc
773 2144 936 2209 distichon
959 2143 1182 2229 excipiebatur
1203 2144 1243 2208 ab
1269 2145 1325 2209 illo
1348 2166 1442 2209 versu

437 2251 504 2316 205
558 2253 598 2319 Ut
620 2252 711 2317 celeri
726 2272 827 2334 passu
852 2251 1031 2317 Cremeram
1055 2253 1177 2335 tetiycre
1199 2272 1357 2332 rapacem,
1619 2279 1645 2318 ιο

359 2359 488 2423 frustra
511 2360 762 2442 circumspicias,
785 2358 864 2442 quid
887 2359 1025 2422 moverit
1049 2380 1136 2441 sum,
1159 2362 1196 2421 ut
1218 2363 1345 2442 portam
1370 2355 1604 2422 Carmentalem

361 2465 417 2529 vel
451 2467 537 2530 viam
571 2466 664 2530 istam
695 2487 792 2549 quam
820 2465 974 2530 describit
1001 2469 1113 2549 portae
1142 2463 1353 2529 Carmentalis
1381 2464 1458 2529 mali
1486 2466 1604 2529 ominis

360 2595 435 2638 esse
469 2576 502 2636 et
534 2573 697 2637 vitandam
729 2573 858 2637 diceret.
905 2570 940 2636 si
971 2571 1035 2637 hoc
1067 2571 1198 2637 volebat
1230 2569 1363 2636 Ovidius
1396 2570 1483 2656 quod
1510 2570 1603 2634 Livio

360 2684 497 2744 auctore
522 2678 705 2765 constabat,
731 2678 849 2744 Fabios
872 2678 928 2742 illa
951 2679 1157 2762 viaexiisse,
1185 2681 1269 2743 certe
1292 2679 1351 2742 hac
1374 2676 1454 2764 (via)
1477 2684 1512 2742 at
1532 2676 1605 2742 Cre-

364 2807 486 2851 meram
515 2788 637 2868 tetiqerc
664 2786 826 2850 dicturum
854 2787 955 2850 fuisse
977 2785 1088 2851 credas
1112 2783 1321 2872 (cf.11393),
1349 2806 1544 2869 quamquam
1568 2787 1606 2847 ut

364 2914 480 2957 verum
512 2892 671 2957 fateamur
701 2915 741 2957 ue
768 2915 806 2958 eo
836 2892 964 2977 quidem
995 2891 1186 2957 desiderium
1213 2893 1350 2978 legentis
1378 2893 1456 2956 satis
1483 2892 1605 2974 expleri

366 2999 587 3064 concedimus:
615 3021 702 3064 nunc
729 3000 812 3064 nihil
840 3005 903 3083 est,
931 3021 996 3083 quo
1023 3004 1137 3084 portae
1165 2996 1343 3063 Carmentis
1371 2999 1492 3063 mentio
1520 2999 1606 3062 facta

368 3127 441 3170 cum
465 3108 513 3171 rei
532 3111 640 3192 gestae
660 3107 862 3191 expositione
881 3109 1091 3170 connectatur
1108 3128 1211 3191 neque
1231 3105 1382 3170 credibile
1400 3127 1470 3169 esse
1489 3105 1604 3169 aiimus

371 3217 434 3276 tam
464 3215 601 3278 laceram
630 3217 663 3277 et
690 3215 905 3297 interruptam
933 3213 1084 3277 narrandi
1112 3214 1227 3277 seriem
1255 3214 1413 3299 integram
1436 3216 1469 3276 et
1491 3236 1510 3277 a
1532 3212 1605 3277 dex·

374 3320 503 3385 terrimo
526 3325 623 3405 poeta
643 3322 694 3385 cui
713 3321 822 3385 omnia
840 3344 899 3385 suo
918 3323 1030 3385 tenore
1049 3320 1148 3385 fluere
1167 3321 1272 3385 solent
1291 3317 1468 3405 profectam
1487 3318 1604 3406 esse*).
1619 3347 1646 3391 ‚a

379 3424 458 3500 Quae
485 3428 561 3492 dum
590 3429 745 3491 miramur
774 3428 900 3492 erudito
930 3428 1047 3492 editori
1071 3427 1201 3511 probari
1224 3428 1382 3512 potuisse,
1410 3426 1604 3492 advertimus

383 3530 417 3593 ab
443 3555 478 3598 eo
506 3535 587 3598 duos
616 3557 727 3599 versus
756 3535 812 3619 qui
841 3535 887 3599 ibi
911 3535 1009 3621 vulgo
1033 3534 1224 3621 legebantur
1247 3556 1305 3599 auo
1329 3535 1486 3599 arbitratu
1510 3535 1606 3599 iuter-

386 3644 482 3721 ceptos
505 3663 582 3705 esse.
629 3639 713 3705 Nam
741 3643 838 3726 plena
861 3642 964 3705 oratio
989 3642 1023 3705 in
1046 3643 1167 3706 maiore
1192 3642 1319 3725 quidem
1344 3646 1435 3726 parte
1459 3640 1605 3706 codicum

389 3751 496 3812 servata
517 3753 551 3812 et
573 3748 753 3831 antiquitus
776 3748 910 3834 vulgata
932 3746 1012 3814 baec
1035 3754 1084 3813 est

449 3853 505 3918 201
557 3853 736 3920 Carmentis
751 3862 864 3937 portae
887 3857 993 3920 deamo
1016 3862 1061 3921 est
1082 3858 1135 3920 uia
1152 3858 1303 3939 proxima
1326 3858 1418 3921 iano:

595 3962 651 4026 Ire
666 3983 727 4043 per
748 3962 830 4026 hanc
852 3962 933 4041 noli,
956 3964 1097 4044 quisquis
1120 3984 1168 4028 es:
1190 3984 1279 4028 aaran
1302 3963 1398 4026 babet

451 4066 507 4131 203
554 4066 615 4133 Illa
636 4069 723 4133 fama
746 4069 844 4133 refert
866 4068 985 4134 Fabios
1009 4070 1111 4135 exisse
1136 4074 1304 4136 trecentos.

595 4176 694 4240 Porta
717 4181 810 4240 vacat
833 4178 941 4260 culpa,
964 4177 1021 4241 sed
1044 4182 1152 4241 tamen
1176 4198 1269 4241 omen
1292 4176 1397 4241 habet.

556 4284 597 4349 Ut
619 4283 709 4347 celeri
725 4303 827 4365 pascu
852 4282 1028 4348 Cremeram
1054 4286 1176 4366 tetiqcre
1197 4304 1341 4364 rapacem
1367 4290 1425 4348 cet.

400 4372 431 4440 El
449 4391 510 4469 quis
533 4412 600 4454 non
624 4391 723 4454 sentit
745 4389 796 4454 his
820 4390 937 4453 additis
960 4390 1106 4455 versibus
1129 4390 1233 4455 lucem
1254 4413 1292 4454 ex
1316 4391 1456 4455 tenebris
1480 4391 1604 4475 fulgere
1619 4423 1646 4463 ω

400 4488 423 4545 tl
440 4511 470 4556 ex
490 4496 601 4561 insana
623 4497 748 4561 ratione
771 4498 835 4560 iam
859 4498 1000 4580 prudens
1024 4500 1164 4561 auctoris
1188 4497 1359 4562 consilium
1377 4502 1495 4582 patere.
1527 4495 1603 4560 Nou

363 4588 447 4656 uisu
465 4623 551 4668 veros
574 4625 644 4667 esse
667 4603 727 4667 hos
747 4604 827 4668 duos
846 4625 957 4667 versus
977 4604 1122 4687 dicimus,
1146 4604 1201 4668 sed
1219 4603 1299 4668 illud
1318 4605 1525 4688 affirmamus,
1548 4627 1605 4687 po-

400 4697 477 4771 tuisse
500 4710 646 4795 exemplo
674 4732 757 4793 esse,
786 4734 849 4794 quo
879 4710 975 4775 modo
1004 4712 1192 4795 imperfecta
1215 4713 1356 4775 narratio
1380 4710 1504 4775 absolvi
1527 4716 1603 4795 apte

399 4811 520 4884 potuerit
562 4816 650 4893 Quos
678 4839 788 4882 versus
817 4817 873 4901 qui
897 4819 1024 4900 spurios
1048 4840 1115 4883 esse
1139 4817 1200 4881 sibi
1225 4823 1461 4901 persuaserant,
1490 4817 1603 4881 saltem

399 4908 510 4987 iudicare
537 4923 661 4988 hiatum
690 4923 864 5007 debebant,
891 4946 955 5009 quo
984 4924 1075 4988 hiatu
1104 4923 1218 4988 similis
1242 4926 1417 4990 sententiae
1442 4923 1604 5005 distichon

399 5012 520 5093 hlustum
549 5033 641 5095 esset.
683 5028 833 5114 Namque
861 5031 939 5095 haec
963 5036 1012 5096 est
1035 5029 1140 5095 Ovidii
1165 5032 1361 5096 consuetudo
1386 5036 1422 5094 ut
1445 5056 1464 5095 a
1487 5031 1603 5096 descri-

400 5132 585 5155 x——m

465 5201 526 5273 ⁸20)
544 5203 608 5258 Nou
628 5204 767 5259 nescimus
781 5205 894 5258 Petrum
915 5224 971 5259 nou
991 5206 1031 5259 ita
1050 5223 1112 5260 raro
1132 5207 1161 5259 iu
1180 5207 1224 5260 his
1243 5207 1323 5260 libris
1342 5211 1443 5276 poetae
1458 5204 1603 5274 negligen-

396 5280 450 5339 fi⁸m
469 5290 614 5348 incusum.
648 5293 725 5359 Quae
750 5294 817 5347 dum
841 5294 993 5364 diligenter
1016 5299 1048 5349 ut
1071 5312 1124 5365 par
1146 5296 1202 5349 fuit
1222 5297 1413 5364 exsequimur,
1437 5294 1603 5347 videbamur

394 5372 459 5430 uobis
475 5381 585 5447 quidem
604 5399 814 5451 nonnumquam
834 5383 1002 5455 intelligere,
1022 5402 1077 5438 nou
1096 5386 1200 5439 iustum
1219 5402 1280 5440 esse
1298 5384 1553 5452 reprehensionem.
