3925 6675
592 1135 690 1187 scon
707 1136 758 1187 na
777 1135 978 1188 oononnus
997 1136 1188 1187 rnsnmms
1206 1135 1384 1187 mamone.
1539 1131 1607 1196 399

311 1292 366 1351 ut
408 1315 445 1358 a
474 1295 652 1362 Ritscbelio
676 1298 862 1363 restitutum
886 1296 994 1363 Plauti
1017 1319 1133 1363 nomen
1157 1301 1190 1362 et
1213 1298 1281 1362 cius
1304 1297 1445 1361 nominis
1468 1295 1606 1360 formam

309 1392 346 1455 Α
354 1402 463 1467 ocii
481 1403 627 1470 versibus
646 1404 803 1469 mdditam
822 1404 1028 1470 vehementer
1045 1404 1208 1489 probaret,
1232 1403 1287 1468 sed
1307 1401 1519 1467 Sotadeorum
1537 1425 1605 1466 rer·

304 1518 465 1576 mum
479 1515 627 1576 naturam
641 1515 674 1576 et
687 1532 782 1576 usum
796 1511 959 1577 subtiliter
972 1516 1191 1597 perscrutatus
1206 1511 1244 1575 de
1256 1509 1333 1575 Acci
1344 1524 1606 1573 nmsscsurcorr

300 1602 461 1681 libris
485 1619 531 1683 ita
554 1617 698 1702 sentiret,
720 1619 865 1684 versibus
889 1618 964 1683 illos
984 1619 1112 1704 quidem
1132 1619 1328 1701 compositos
1347 1617 1446 1681 fuisse
1466 1615 1520 1681 sed
1539 1638 1605 1681 non

299 1717 488 1793 quibus
512 1724 716 1791 Hermannus
739 1730 772 1789 et
789 1724 988 1794 Ritschelius
1011 1724 1183 1789 voluerunt
1205 1724 1386 1805 trochaicis,
1410 1723 1465 1787 sed
1489 1724 1604 1788 ionicis

297 1815 418 1890 illis
465 1854 484 1896 a
512 1830 631 1898 Sotade
658 1836 755 1917 poeta
781 1833 1009 1917 denominatis,
1041 1854 1178 1916 quorum
1209 1853 1337 1896 normas
1365 1832 1461 1896 modo
1490 1829 1603 1895 descri-

296 1943 486 2005 Pflerat.
522 1937 651 2024 Itaque,
676 1944 713 2004 ut
736 1939 904 2004 mittamus
926 1941 1063 2023 reliqua,
1090 1940 1163 2004 illos
1188 1943 1252 2002 tres
1276 1959 1401 2021 versus,
1430 1938 1485 2022 qui
1509 1937 1605 2001 nobis

297 2047 442 2108 Sunt
468 2047 503 2110 in
525 2045 683 2130 manibus,
706 2046 769 2111 hoc
792 2046 887 2111 modo
912 2046 1074 2112 dimensus
1099 2053 1147 2110 est

504 2153 591 2218 Ncim
615 2174 670 2218 nec
694 2153 838 2219 Geminei
860 2154 978 2219 Leones
1000 2173 1056 2218 nec
1079 2152 1268 2218 Condalinm
1291 2172 1345 2216 nec

505 2260 639 2325 Plano·
661 2261 767 2339 Anna,
790 2281 845 2325 nec
866 2260 928 2326 Bis
950 2280 1122 2343 compressa
1145 2261 1200 2324 nc'c
1221 2259 1351 2324 Boeotio
1373 2260 1453 2323 e'ins
1617 2286 1645 2325 ιο

263 2359 281 2414 ⁵
511 2344 665 2450 &mquam
686 2369 765 2450 suit,
787 2388 883 2450 neque
905 2367 981 2433 rideo
1005 2368 1161 2450 Aproecns
1183 2368 1279 2449 mque
1302 2365 1541 2431 Commorientes

503 2474 611 2540 Mdoci
634 2476 708 2540 Tm.

297 2552 385 2629 Et
425 2576 523 2665 haec,
546 2587 583 2646 ut
601 2585 678 2646 sunt
696 2581 855 2668 sagaciter
874 2586 1062 2663 commenta,
1081 2603 1147 2644 non
1165 2602 1285 2664 paucos
1303 2585 1397 2644 nacta
1416 2585 1491 2644 sunt
1508 2601 1603 2664 spon·

299 2681 469 2772 sOves,
496 2688 531 2753 in
559 2688 677 2773 quibua
704 2686 872 2753 Hertzium
901 2693 934 2753 et
960 2687 1213 2754 Fleckeisenum.
1253 2686 1450 2751 Ritschelius
1478 2708 1554 2750 vero
1581 2710 1604 2750 a

300 2763 564 2860 Luchmanni
593 2797 751 2860 sententia
777 2817 872 2880 quam
897 2795 959 2860 sibi
984 2817 1112 2880 quoque
1135 2795 1285 2879 primitus
1309 2794 1477 2878 probatam
1500 2794 1601 2857 fuisse

302 2872 451 2965 ‘¹51st
471 2902 627 2986 paulatim
653 2902 791 2985 deflexit,
815 2904 871 2986 qui
893 2902 1083 2987 fragmentis
1102 2901 1261 2966 Plautinis
1284 2901 1430 2965 mactatis
1454 2902 1494 2964 ad
1517 2900 1601 2965 hanc

304 2998 495 3095 {Qunam
527 3030 673 3074 reversus
701 3010 747 3091 (in
771 3008 853 3094 Opp.
876 3009 938 3074 vol.
962 3027 1001 3073 111
1025 3032 1055 3092 p.
1082 3008 1159 3095 182)
1188 3015 1220 3073 et
1248 3008 1365 3091 quibus
1388 3007 1600 3072 incommodis

303 3101 423 3171 ¹⁸¹²&
457 3116 670 3181 conformatio
696 3117 858 3181 laboraret
884 3117 1051 3201 perspicue
1080 3115 1234 3201 explicuit
1260 3120 1293 3179 et
1315 3117 1485 3199 pristinam
1510 3137 1599 3179 suam

304 3210 550 3304 PPinionem
572 3222 718 3309 repetiit,
740 3245 804 3308 qua
826 3223 962 3290 credidit
985 3222 1181 3288 trochaicum
1205 3245 1388 3300 numerum,
1411 3244 1476 3287 non
1502 3243 1598 3304 quem

305 3298 409 3381 ¹110
449 3329 550 3396 suasit
573 3328 746 3396 Sotadeum
772 3330 1009 3418 agnoscendum
1033 3353 1115 3414 esse,
1144 3330 1206 3395 nisi
1231 3328 1317 3414 quod
1340 3329 1472 3394 tertium
1496 3328 1642 3396 exiisse

303 3418 491 3503 vel‘suni
518 3437 617 3523 paulo
644 3438 739 3504 aliter
765 3460 851 3504 nunc
878 3460 973 3522 quam
1003 3442 1096 3502 antea
1124 3437 1327 3501 scribendum
1356 3458 1425 3501 esse
1452 3436 1597 3502 coniecit.

302 3507 473 3624 Atque
490 3544 551 3611 hos
570 3549 637 3609 tres
655 3549 859 3610 tetrametros
878 3545 918 3609 ab
939 3543 1124 3609 Hermanno
1140 3543 1383 3628 Ritscbelioque
1403 3544 1597 3609 constitutos

498 3652 645 3735 Namque
666 3672 721 3718 nec
745 3651 889 3718 Geminei
912 3652 1034 3717 lenones
1056 3672 1111 3716 nec
1135 3650 1337 3730 Condalium,
1361 3672 1424 3715 non
1442 3652 1536 3717 Anne

499 3759 623 3839 Heneti,
646 3779 701 3825 nec
722 3759 783 3824 Bis
805 3779 978 3842 compressa
1002 3765 1058 3823 ont
1078 3759 1207 3823 Boeotio
1231 3760 1311 3823 eins
1332 3780 1482 3840 nmqnom
1503 3760 1574 3839 sud,

497 3867 605 3949 Neque
626 3867 783 3950 Aproecm
804 3887 901 3949 neque
924 3865 1163 3931 Commorientes
1185 3866 1275 3929 odeo
1296 3866 1374 3946 fnit
1397 3866 1505 3929 Macci
1531 3866 1598 3929 Titi

303 3952 411 4028 qui
439 3973 612 4039 contulerit
630 3995 702 4039 cum
722 3973 919 4038 Lachmanni
933 3971 1090 4056 Sotadeis,
1108 3972 1211 4056 facile,
1230 3973 1409 4055 opinamur,
1428 3971 1596 4057 intelliget,

308 4059 467 4177 ¹¹{111to
495 4081 555 4146 bos
584 4102 653 4145 esse
681 4103 776 4165 quarn
804 4080 877 4145 iflos
905 4079 1147 4165 probabiliores.
1185 4078 1231 4143 At
1258 4080 1337 4143 certi
1365 4079 1530 4142 tamenin
1555 4079 1595 4142 iis

308 4164 444 4253 ¹¹1th
472 4195 521 4253 est
548 4187 612 4252 nisi
637 4209 657 4252 a
680 4186 856 4252 Ritschelio
880 4190 1046 4252 inventum
1069 4209 1185 4251 nomen
1211 4187 1319 4250 Macci
1343 4187 1421 4263 Titi,
1451 4185 1538 4268 quod
1560 4186 1594 4249 in

315 4273 499 4379 lltroque
522 4316 639 4381 genere
661 4299 836 4359 metrorum
861 4316 952 4358 suam
977 4293 1083 4360 sedem
1108 4294 1257 4358 obtinuit.
1295 4292 1415 4356 Verum
1435 4294 1502 4357 eiua
1520 4296 1594 4376 post

317 4362 490 4467 Boeotia
513 4401 577 4466 iarn
602 4401 642 4466 ab
667 4400 851 4465 Hermanno
875 4401 914 4465 de
939 4401 1122 4467 coniectura
1144 4400 1338 4466 inculcatum
1364 4403 1396 4463 et
1419 4421 1438 4462 a
1461 4397 1594 4483 reliquis
1608 4423 1636 4463 ao

322 4489 522 4573 ⁸¹³¹'vatum
555 4529 653 4592 quam
681 4505 878 4573 Ritschelius
910 4508 1044 4592 putabat
1075 4508 1171 4571 fidem
1201 4506 1318 4572 habere
1346 4529 1364 4570 a
1392 4506 1593 4590 quorundam

327 4599 507 4680 ⁰0<licum
531 4615 661 4680 infimae
684 4615 782 4680 sortis
805 4615 999 4679 testimoniis
1023 4612 1165 4700 (Parerg.
1184 4637 1213 4699 p.
1236 4614 1276 4677 13
1291 4611 1350 4701 m),
1379 4636 1446 4678 eam
1470 4612 1592 4678 nullam

329 4705 434 4785 e⁸⁸1³
450 4719 573 4787 Hertuii
592 4720 758 4787 adnotatio
782 4722 822 4785 ad
841 4721 979 4787 Gellium
1005 4720 1115 4806 evicit,
1138 4742 1241 4805 neque
1263 4722 1326 4785 hoc
1349 4742 1452 4805 neque
1473 4722 1537 4802 fnit
1559 4721 1593 4784 in

331 4801 464 4892 ⁸²lbera
476 4832 567 4912 parte
580 4827 740 4893 adiectum
756 4834 810 4893 aut
829 4830 905 4894 odeo
923 4851 982 4894 suo
1001 4829 1072 4893 loco
1092 4834 1214 4893 motum
1230 4828 1369 4892 multum
1383 4828 1422 4892 ad
1438 4829 1593 4893 orationis

332 4900 497 4999 f01'1nam
526 4939 583 5000 aut
614 4934 805 5021 elegantiam
836 4935 953 5020 facere,
986 4938 1180 5021 quicumque
1208 4958 1273 5001 non
1302 4938 1459 5019 occupata
1485 4938 1593 4998 mente

335 5025 461 5105 verba
482 5041 553 5127 ipsa
570 5041 777 5125 examinabit,
799 5041 885 5106 haud
905 5041 1079 5109 difficulter
1098 5044 1281 5127 persentiet.
1320 5040 1443 5118 Quibus
1463 5039 1592 5104 omissis

337 5135 494 5224 apparet
516 5148 555 5213 de
578 5148 723 5214 versibus
747 5153 873 5213 tantum
897 5171 962 5214 non
987 5153 1094 5216 actum
1118 5172 1195 5214 esse.

346 5326 354 5338 ,
453 5251 596 5341 Denique
623 5254 839 5320 Buechelerus
871 5278 889 5319 a
919 5254 1065 5321 Sotadeis
1088 5255 1297 5321 Varronianis
1325 5253 1488 5339 profectus
1517 5273 1590 5315 cunr

343 5346 388 5402 ¹¹¹
430 5378 532 5427 eorum
557 5384 707 5430 versuum
736 5362 956 5427 condicionem
985 5368 1017 5427 et
1044 5384 1137 5426 usum
1164 5363 1268 5426 denuo
1292 5360 1400 5425 dedita
1422 5379 1519 5444 opera
1542 5358 1589 5421 in·
