3925 6675
668 1149 672 1158 .
758 1108 1042 1161 EMENDATIONES
1060 1109 1274 1161 PLAUTINAB.

490 1321 494 1327 .
580 1269 644 1334 1Πὲ
665 1291 714 1334 mc
736 1271 875 1334 aomitm
897 1275 926 1334 at
947 1271 1216 1352 musaupuiuitate
1231 1273 1446 1353 propinquum

582 1377 712 1460 Pauper
734 1379 770 1441 iu
792 1397 885 1442 arma
902 1383 997 1458 pater
1013 1379 1133 1458 primis
1155 1377 1215 1442 hue
1236 1379 1323 1444 mim
1345 1379 1385 1443 at
1408 1381 1512 1458 anuis,

394 1490 466 1547 tum
478 1483 518 1547 de
528 1482 676 1548 Pallante
691 1488 724 1547 et
737 1483 807 1548 eius
820 1484 937 1548 comite
946 1483 1069 1548 Acoete
1083 1483 1162 1547 haec
1175 1488 1346 1548 namantur
1355 1485 1389 1550 in
1401 1485 1570 1549 undecimo
1581 1484 1633 1547 30.

580 1588 701 1673 Corpus
721 1589 777 1655 ubi
798 1590 940 1655 mauimi
954 1591 1096 1673 positum
1120 1590 1282 1655 Pallantis
1304 1591 1430 1656 Acoetes

580 1697 731 1762 Saamat
751 1699 864 1774 amtor,
886 1699 942 1778 qui
965 1696 1142 1762 Parrhasio
1164 1697 1321 1763 Euaudro

345 1813 378 1866 11
580 1804 730 1887 Armiaer
752 1810 825 1869 amc
844 1805 917 1884 fuit,
939 1805 994 1869 md
1014 1825 1077 1869 aaa
1097 1804 1241 1885 felicibus
1263 1826 1357 1886 aeque

581 1913 664 1976 Tum
687 1931 786 1976 eomes
808 1913 961 1993 caspiae
982 1932 1056 1977 earo
1078 1912 1173 1976 datus
1194 1911 1261 1977 ibat
1283 1912 1420 1977 alumno.

398 2017 462 2082 His
486 2019 682 2083 sententiam
701 2017 840 2083 similem
860 2015 1034 2105 Plautus*)
1057 2017 1123 2082 illis
1146 2018 1291 2083 versibus
1314 2018 1485 2104 expressit;
1507 2019 1542 2082 in
1566 2019 1636 2103 qui·

401 2126 461 2190 bus
485 2147 526 2189 ex
550 2127 663 2191 comita
687 2125 765 2189 olim
789 2146 880 2207 quom
905 2125 985 2190 itaut
1007 2124 1058 2189 vel
1080 2146 1172 2207 quom
1195 2126 1260 2190 itur
1282 2126 1468 2209 effecerunt,
1496 2146 1634 2209 quorum

402 2232 483 2296 illud
507 2231 683 2296 Gamemrii
706 2236 769 2315 est,
796 2231 859 2296 hoc
882 2232 970 2315 quod
992 2231 1189 2296 Ritschelius
1211 2231 1346 2318 recepit,
1372 2232 1435 2297 iam
1463 2233 1498 2296 in
1520 2231 1633 2297 codici·
1649 2258 1682 2298 ιο

402 2338 462 2402 bus
487 2339 681 2422 quibusdam
705 2343 882 2404 correctum
905 2338 1034 2425 legitur.
1080 2337 1197 2403 Postea
1218 2338 1280 2403 hac
1297 2339 1349 2403 via
1369 2339 1520 2404 derelicta
1537 2338 1633 2404 aliam

404 2445 540 2531 ingressi
573 2450 664 2529 sunt,
696 2443 733 2510 0.
757 2444 917 2528 Seyfferto
949 2445 1109 2529 principe,
1142 2445 1198 2529 qui
1230 2469 1256 2509 a.
1286 2446 1374 2511 1870
1405 2446 1439 2510 in
1470 2445 1634 2532 Philologi

406 2550 609 2616 leutschiani
633 2551 695 2616 vol.
715 2569 800 2616 xxlx
815 2575 846 2636 p.
861 2551 927 2615 393
950 2552 998 2616 ita
1021 2552 1173 2637 disputat,
1196 2555 1308 2618 comita
1331 2552 1382 2617 vel
1405 2555 1549 2618 comitum
1573 2550 1635 2640 (sic

412 2711 488 2776 euim
511 2712 744 2797 interpretatur
767 2711 854 2796 quod
878 2713 911 2775 in
935 2711 1044 2776 codice
1067 2710 1185 2776 Vetere
1214 2712 1387 2778 adnotatur
1413 2713 1478 2800 legi
1506 2662 1634 2799 mmlutd)

416 2816 486 2882 nihil
504 2840 572 2883 esse
590 2819 653 2884 nisi
672 2821 820 2902 mmimm,
839 2817 935 2901 idque
953 2818 995 2882 ad
1012 2819 1239 2884 admiuimlum
1257 2818 1418 2905 glossema
1436 2820 1632 2904 adscriptum

420 2923 547 2990 aPlauti
567 2926 713 2992 oratione
731 2925 964 3011 segregandum
985 2947 1060 2989 esse.
1092 2923 1162 3001 Qua
1182 2947 1258 2989 voce
1277 2925 1404 2990 sublata
1423 2927 1503 2992 duos
1521 2949 1632 2992 versus

421 3028 555 3097 iambicos
578 3032 779 3117 recuperavit

577 3141 635 3204 Ad
657 3139 805 3222 leaiouem
828 3139 1034 3204 adminiclum
1058 3141 1087 3205 is
1110 3141 1233 3204 danum

580 3247 661 3310 Tum
685 3248 752 3310 iam
775 3246 911 3328 aliquem
933 3253 1097 3330 capucium
1118 3267 1219 3312 aarum

426 3342 480 3412 Hoc
504 3358 732 3437 commentum,
761 3354 838 3438 quia
865 3355 1044 3438 speciosum
1073 3358 1121 3417 est
1149 3359 1181 3418 et
1209 3355 1284 3438 quia
1311 3354 1373 3419 hoc
1399 3378 1501 3443 genus
1529 3378 1631 3420 emen·
1646 3380 1680 3421 ro

428 3451 499 3522 andi
530 3482 607 3544 prae
640 3460 754 3524 ceteris
786 3466 914 3544 captare
946 3461 1029 3527 solet
1061 3482 1116 3526 eos
1144 3461 1199 3545 qui
1227 3461 1323 3526 hodic
1356 3464 1499 3529 criticam
1531 3467 1632 3529 artem

428 3555 564 3651 fuscant,
592 3567 774 3651 perplacuit
801 3567 987 3650 multosque
1014 3572 1144 3633 nactum
1172 3573 1221 3631 est
1244 3569 1376 3633 comites
1399 3592 1436 3634 ac
1459 3570 1632 3654 plausores.

430 3659 466 3727 lla
479 3671 512 3735 A.
529 3672 730 3759 Spengelius,
754 3674 811 3756 qni
835 3696 934 3738 unum
959 3682 999 3737 ex
1023 3674 1148 3739 duobus
1171 3696 1297 3739 versum
1320 3675 1493 3740 iambicum
1516 3678 1632 3741 consti-

428 3770 482 3855 lllit,
501 3780 530 3843 in
548 3780 634 3845 libro
653 3802 680 3843 a.
701 3779 786 3844 1882
807 3780 903 3863 edito,
926 3802 991 3864 quo
1014 3784 1190 3845 metrorum
1210 3780 1433 3847 Plautinorum
1454 3783 1631 3848 doctrinam

428 3872 580 3951 instaurare
599 3908 771 3973 aggressus
790 3892 847 3969 est,
870 3910 900 3971 p.
920 3886 986 3952 225
1006 3886 1060 3973 (cl.
1074 3911 1104 3971 p.
1120 3886 1200 3973 380)
1224 3896 1332 3952 narrat
1350 3911 1384 3952 se
1402 3890 1524 3972 pridem
1545 3890 1631 3955 ultro

429 3977 453 4042 lss
471 4009 529 4057 eam
553 3993 738 4078 opinionem
762 3993 912 4057 incidisse
936 4016 1034 4077 quam
1059 3998 1171 4077 postea
1199 3995 1231 4057 in
1255 3995 1452 4060 Mostellaria
1479 4019 1498 4059 a
1522 3996 1631 4079 Sopho

428 4081 531 4182 Bssggio
564 4123 591 4163 a.
623 4098 710 4163 1873
742 4099 827 4164 edita
863 4100 903 4164 ab
937 4122 974 4166 eo
1013 4106 1199 4185 occupatam
1238 4101 1419 4187 offenderit3
1456 4103 1631 4187 eodemque

428 4188 529 4288 Buggio
553 4210 685 4271 auctore
708 4206 867 4293 glossema
885 4206 966 4270 illud
985 4208 1110 4291 expulit
1123 4205 1303 4294 Ussingius,
1322 4231 1425 4293 neque
1444 4210 1632 4274 clementius

425 4298 484 4369 lllit
506 4311 692 4396 horonaim,
725 4314 782 4396 qui
815 4319 851 4378 ut
879 4336 938 4397 par
965 4315 1028 4378 fuit
1057 4313 1249 4397 Seyffertum
1284 4320 1447 4381 auctorem
1480 4316 1630 4400 appellat.

425 4399 461 4469 De
479 4419 615 4483 versibus
638 4420 685 4483 ita
707 4420 801 4484 factis
824 4419 905 4483 nihil
928 4420 1072 4485 dicimus.
1110 4419 1172 4485 Sed
1191 4422 1382 4486 sententiam
1402 4423 1478 4487 dum
1497 4423 1631 4509 diligen·
1644 4449 1679 4491 ao

424 4509 474 4581 tius
498 4526 722 4611 perspicimus,
756 4527 903 4610 quamvis
935 4527 1124 4591 audaculum
1154 4528 1197 4591 sit
1224 4532 1274 4591 tot
1301 4528 1379 4592 viris
1407 4530 1509 4594 doctis
1537 4537 1569 4594 et
1596 4530 1630 4594 in

425 4624 477 4689 arte
492 4628 639 4697 Plautina
662 4636 790 4720 egregie
813 4633 948 4698 versatis
970 4634 1114 4720 obloqui,
1137 4638 1244 4698 tamen
1268 4658 1332 4700 non
1357 4658 1527 4720 possumus
1551 4638 1630 4722 quin

425 4722 566 4822 fateamur,
594 4738 689 4804 nobis
712 4740 767 4803 vix
791 4739 942 4805 credibile
965 4741 1045 4824 fieri,
1067 4740 1150 4804 hanc
1174 4742 1351 4806 orationem
1376 4765 1481 4807 veram
1507 4766 1574 4808 esse
1598 4749 1631 4808 et

426 4833 556 4909 allanto
583 4844 771 4929 profectam.
826 4845 863 4910 In
892 4870 955 4931 qua
983 4847 1122 4931 primum
1151 4870 1215 4911 non
1244 4850 1289 4912 ad
1315 4849 1462 4933 leymuem
1491 4852 1630 4915 adraim-

425 4942 504 5012 adum
525 4951 567 5017 iis
588 4953 667 5017 dam
689 4954 744 5016 sed
767 4953 881 5017 saltem
904 4955 948 5018 ad
969 4954 1117 5035 lmiouem
1141 4956 1282 5020 cautibus
1300 4957 1378 5020 daut
1400 4957 1630 5021 adminiculum

460 5088 611 5104 *R-

426 5171 529 5231 ultae
552 5181 679 5234 caulibus
701 5182 767 5234 dari
788 5184 882 5237 solitos
904 5198 959 5237 esse
977 5184 1110 5246 custodes,
1135 5202 1151 5235 a
1171 5186 1271 5251 quibua
1284 5187 1376 5254 prium
1395 5203 1470 5239 anem
1489 5190 1627 5255 reparatur.

428 5252 549 5322 Plana
572 5272 601 5322 a
619 5268 758 5324 emanas
782 5270 909 5339 exemplo
928 5270 956 5323 in
977 5271 1075 5325 eadem
1095 5288 1125 5325 re
1144 5272 1234 5327 uetur
1253 5273 1359 5328 satius
1375 5273 1440 5327 sav.
1457 5293 1476 5326 11
1495 5283 1521 5339 1,
1536 5274 1629 5344 sora]

494 5354 534 5425 ⁸8)
554 5356 609 5428 [Ol.
622 5357 737 5413 Mercat.
754 5363 787 5411 90
798 5360 846 5429 aa]
