3925 6675
408 1145 475 1210 402
634 1147 707 1198 LIII,
727 1146 842 1198 INDEX
861 1145 1075 1197 luctuosum
1093 1145 1325 1196 AESTlVARUM
1346 1149 1423 1198 1901.

407 1329 474 1374 non
501 1307 726 1392 intelligebant
753 1307 838 1371 ultro
862 1312 1082 1390 corruperunt.
1121 1304 1255 1371 Gravius
1279 1308 1375 1372 etiam
1398 1311 1566 1391 peccatum
1589 1311 1641 1371 est

345 1410 350 1418 ’
407 1415 447 1480 ab
476 1417 530 1499 iis,
563 1416 619 1500 qui
646 1417 713 1480 eius
740 1435 918 1498 pronomen
944 1417 1020 1498 post
1043 1413 1172 1478 Boeotio
1198 1414 1291 1478 metri
1320 1413 1444 1478 scilicet
1470 1435 1565 1478 eausa
1593 1413 1639 1476 in·

407 1527 584 1606 caruerunt,
607 1521 694 1607 quod
717 1527 754 1585 ut
775 1523 901 1586 nullum
924 1520 1119 1606 praesidium
1143 1521 1260 1585 habere
1284 1521 1466 1587 acodicum
1485 1521 1641 1584 memoria

407 1651 505 1714 supra
528 1629 682 1713 diximus,
705 1630 752 1693 ita
773 1627 837 1692 nisi
860 1649 933 1692 cum
956 1628 1075 1713 insigni
1099 1627 1290 1692 detrimento
1314 1629 1469 1693 orationis
1493 1631 1639 1692 constare

407 1759 473 1800 uon
491 1737 607 1822 potuit.
640 1733 838 1800 Ritschelius
856 1739 973 1818 autem,
992 1757 1056 1819 quc
1075 1735 1192 1800 fortius
1210 1738 1343 1820 negaret
1357 1734 1446 1798 illam
1460 1733 1639 1818 pedestrem

408 1865 477 1908 esse
496 1843 683 1922 orationem,
707 1863 780 1907 cum
799 1843 860 1906 boo
878 1843 1025 1926 exemplo
1044 1841 1177 1906 ludibrii
1196 1863 1292 1906 causa
1309 1863 1329 1905 a
1347 1863 1381 1905 se
1400 1841 1477 1907 ficto
1495 1843 1641 1905 uteretur

408 1948 550 2037 (Parerg.
570 1973 601 2035 p.
621 1947 734 2037 8611),
760 1969 815 2014 noo
842 1951 933 2014 Tetus
959 1969 1015 2014 aec
1040 1948 1244 2030 Scrnpronius
1272 1949 1437 2028 vosone,
1464 1969 1519 2013 noc
1542 1946 1643 2013 Gaius

406 2075 462 2122 neo
480 2057 614 2123 Publius
636 2059 717 2122 eius
739 2056 911 2138 discipulas
927 2077 1077 2138 umqsmm
1093 2057 1165 2138 fait,
1188 2076 1243 2121 nec
1260 2057 1337 2121 adeo
1357 2057 1448 2120 Titos
1465 2075 1520 2120 aec
1537 2053 1641 2120 nso

404 2164 483 2246 fuit
496 2165 635 2230 Terentii
650 2165 769 2248 Marci,
787 2165 896 2248 qualia
913 2163 1065 2228 nimirum
1084 2163 1146 2228 nisi
1165 2168 1279 2246 poetae
1297 2184 1364 2226 non
1383 2161 1640 2244 concederentur,

368 2303 393 2342 ro
407 2293 448 2336 ne
471 2271 613 2336 dicamus
636 2293 768 2356 pravam
791 2271 1085 2354 interpunctionem
1108 2274 1141 2333 et
1163 2270 1245 2335 falso
1269 2269 1530 2346 edocumatos,
1553 2273 1641 2332 certe

407 2382 445 2442 ut
470 2378 532 2443 rite
555 2379 829 2463 comparationem
852 2379 962 2461 iniret,
991 2377 1095 2440 simile
1119 2399 1213 2440 suum
1236 2377 1282 2440 ita
1305 2377 1472 2440 instituere
1495 2374 1641 2456 debebat,

407 2505 462 2550 aco
482 2485 573 2551 Titus
590 2503 645 2549 nco
663 2483 865 2566 Sempronius
884 2485 1037 2549 Varronis
1056 2483 1227 2564 dismpulus
1244 2503 1300 2548 nco
1318 2482 1417 2548 Caius
1434 2503 1489 2547 neo
1507 2481 1641 2546 Publius

408 2612 557 2674 umquam
574 2592 638 2672 fuit
657 2588 708 2677 (ut
727 2591 760 2654 in
779 2591 840 2655 hac
858 2595 949 2674 parte
967 2611 1054 2655 nunc
1073 2589 1309 2676 subsistamus).
1347 2589 1448 2666 Quam
1464 2589 1641 2654 conforma·

408 2698 529 2762 tionem
545 2698 618 2782 quis
632 2698 688 2781 qui
703 2697 857 2783 intelligit
870 2720 936 2761 non
949 2697 1038 2761 videt
1053 2701 1084 2760 et
1098 2697 1277 2781 pedestrem
1292 2718 1359 2761 esse
1374 2718 1484 2761 revera
1502 2717 1560 2760 uec
1572 2695 1641 2760 ullo

409 2803 503 2870 modo
527 2804 774 2888 vituperabilem
792 2809 849 2869 aut
866 2808 1034 2888 poetarum
1053 2805 1183 2868 licentia
1201 2803 1433 2885 vindicandam,
1456 2825 1641 2887 comparem

408 2915 515 2978 autem
535 2916 567 2976 et
586 2911 834 2997 comparabilem
853 2912 899 2976 sic
918 2911 1045 2975 demum
1061 2910 1219 2976 Accianus
1238 2910 1286 2975 illi
1306 2933 1402 2994 quam
1420 2910 1496 2975 libri
1510 2909 1642 2974 uadum

409 3019 572 3102 exsistere,
585 3040 666 3104 quac
680 3023 749 3083 tum
764 3017 986 3101 vituperabilis
1006 3038 1075 3084 esse
1094 3019 1201 3100 coepit
1221 3038 1292 3082 oum
1313 3020 1445 3102 propter
1459 3037 1641 3081 mensuram

408 3149 428 3190 a
450 3147 509 3190 sus
530 3126 696 3211 primitiva
719 3125 822 3189 forma
844 3125 1030 3190 criticorum
1053 3124 1187 3189 arbitrio
1207 3124 1371 3189 demutata
1389 3128 1446 3188 est.
1483 3121 1576 3188 Unde
1595 3123 1642 3186 in·

408 3234 567 3318 telligitur
590 3254 687 3316 quam
711 3231 861 3298 credibile
885 3232 928 3296 sit
950 3231 1038 3316 quod
1056 3229 1253 3296 Ritschelius
1272 3231 1409 3296 maxime
1428 3231 1524 3294 ctiam
1544 3235 1642 3312 atque

368 3368 395 3409 ao
409 3342 505 3405 ctiam
534 3338 728 3405 asseveravit
751 3340 883 3403 Accium
910 3340 1004 3403 istam
1033 3338 1225 3403 sententiam
1252 3360 1318 3402 non
1341 3360 1435 3424 posse
1458 3339 1521 3402 nisi
1545 3336 1641 3401 versi·

409 3446 469 3509 bus
493 3446 701 3530 expressisse,
727 3468 821 3529 quem
845 3447 949 3510 virum
972 3450 1102 3510 acutum
1125 3448 1243 3511 mirum
1268 3450 1317 3509 est
1340 3444 1485 3529 profecto
1508 3468 1573 3509 non
1597 3444 1642 3507 ri-

410 3550 494 3616 disse
524 3552 701 3617 orationem
735 3573 831 3635 quam
865 3552 1004 3636 exempli
1036 3572 1132 3617 causa
1159 3552 1253 3616 finxit
1280 3572 1339 3617 ncc
1367 3552 1543 3636 pedestrem
1573 3572 1643 3615 esse

409 3679 513 3742 neque
531 3679 607 3723 vcro
626 3658 785 3743 poeticam
804 3657 859 3722 sed
877 3659 986 3723 nescio
1007 3680 1069 3742 qua
1089 3658 1251 3743 imperitia
1265 3658 1417 3743 loquendi
1431 3662 1641 3742 procreatam.

500 3763 563 3831 Sed
585 3787 649 3850 quo
669 3767 772 3851 magis
791 3766 924 3849 patefiat
943 3766 1098 3830 orationis
1118 3765 1405 3832 conformationem
1425 3787 1489 3850 qua
1508 3766 1640 3829 Accium

409 3894 503 3937 usum
522 3894 591 3939 esse
610 3870 750 3936 diximus
768 3871 959 3937 familiarem
978 3872 1077 3937 fuisse
1097 3871 1310 3957 scriptoribus
1325 3871 1481 3937 Romanis
1496 3870 1642 3956 exempla

410 3979 585 4064 afferimus,
619 3979 736 4043 selecta
765 4002 804 4043 ex
832 3979 935 4044 multo
964 3978 1111 4063 pluribus
1141 4002 1222 4063 quae
1250 3978 1356 4043 afferri
1384 3978 1557 4064 potuerint,
1586 3978 1639 4042 sed

409 4108 491 4172 quae
515 4088 593 4152 satis
618 4092 711 4151 erunt
732 4087 771 4151 ad
790 4086 885 4151 fidem
904 4086 1091 4151 faciendam.
1129 4084 1243 4170 Itaque
1263 4086 1374 4151 Cicero
1394 4084 1506 4150 scribit
1525 4084 1558 4149 in
1576 4083 1640 4147 Au·

409 4194 535 4259 tonium
559 4212 581 4257 v
603 4194 653 4276 18,
672 4193 715 4257 49

621 4301 685 4383 filii
702 4300 758 4383 qui
775 4320 844 4365 orm
863 4300 1005 4365 omnibus
1023 4306 1078 4365 cst
1091 4306 1156 4365 turn
1170 4302 1284 4381 optimo
1298 4301 1406 4381 cuique
1419 4300 1559 4363 carissi
1564 4318 1643 4363 mos

369 4434 395 4473 so
543 4405 623 4471 lbid.
643 4425 680 4471 rx
701 4408 770 4490 1,1
805 4426 861 4470 neo
891 4406 996 4472 dubito
1027 4408 1104 4489 quin
1131 4407 1250 4473 reditus
1276 4408 1342 4471 dos
1369 4412 1397 4471 ct
1424 4404 1507 4471 cobis
1532 4410 1642 4487 pratas

621 4514 741 4595 fucrit
762 4514 859 4579 atrei
875 4512 1021 4595 publicem
1043 4514 1195 4579 salmuris
1215 4515 1370 4595 foturus

542 4618 623 4685 lbid.
642 4638 668 4683 11
687 4620 739 4703 21,
758 4620 799 4684 51
825 4640 894 4685 oram
917 4620 957 4685 ob
978 4620 1034 4685 boo
1056 4621 1166 4685 ordine
1188 4642 1240 4703 epo
1259 4626 1451 4686 motator
1473 4638 1585 4685 essens
1608 4626 1642 4684 to

622 4726 717 4793 msto
738 4728 786 4791 rei
802 4726 948 4809 publicae
969 4728 1171 4793 iudicatos.

410 4832 646 4919 Agnosciturne
679 4832 801 4917 aliquid
834 4833 1055 4899 similitudinis
1090 4856 1163 4900 cum
1196 4835 1258 4898 ista
1291 4835 1434 4898 oratione
1465 4832 1555 4897 Accii
1588 4852 1645 4899 neo

413 4940 601 5005 (tonsorium
627 4940 739 5005 Plauti
765 4960 820 5005 neo
841 4940 971 5006 Boeotio
997 4960 1147 5023 umquam
1173 4940 1260 5024 fuit?
1291 4940 1344 5004 An
1372 4962 1463 5005 secus
1492 4946 1642 5023 putamus

410 5049 443 5111 in
471 5046 522 5113 his
551 5047 704 5133 exemplis
732 5048 907 5132 praedicati
930 5048 1087 5113 unitatem
1111 5046 1313 5132 dispertitam
1336 5068 1393 5131 per
1416 5050 1523 5131 partes
1547 5046 1642 5131 parti·

410 5156 469 5220 bus
497 5156 652 5221 orationis
678 5153 935 5221 accommodari?
966 5154 1125 5218 Addimus
1150 5153 1220 5219 alia
1253 5150 1291 5217 Iu
1314 5152 1493 5219 Antonium
1513 5170 1546 5215 vr
1567 5152 1640 5234 3‚s·

623 5284 678 5327 nec
704 5283 774 5327 vero
801 5262 839 5325 de
864 5260 919 5325 illo
945 5262 1026 5326 stad
1052 5262 1089 5325 dc
1115 5261 1239 5327 bomine
1265 5260 1371 5343 aliquo
1399 5260 1567 5325 debemus
1588 5258 1644 5326 aad

625 5374 658 5433 at
679 5369 717 5433 de
741 5369 1010 5451 importunissimo
1033 5367 1121 5433 belno
1144 5368 1308 5451 copitare
