3925 6675
504 1138 753 1193 somniumne
772 1140 810 1191 ln
830 1139 1022 1190 CICERONIS
1042 1137 1295 1190 ORATIONIBUS.
1453 1136 1519 1199 325

278 1302 369 1369 infra
390 1304 533 1367 tironem
556 1305 715 1387 peccaret:
740 1300 803 1365 nisi
822 1302 878 1384 qui
896 1301 981 1366 forte
999 1301 1046 1364 ita
1064 1300 1209 1384 argutari
1227 1299 1342 1383 incipit
1360 1300 1444 1364 inter
1462 1298 1520 1364 illa

278 1408 347 1475 dno
370 1408 506 1475 nomina
529 1410 563 1481 in
585 1408 681 1473 unius
702 1408 909 1494 magistratus
929 1406 1197 1493 significationem
1217 1408 1365 1471 coeuntia
1383 1408 1521 1471 otacilio

280 1516 416 1602 quidem
435 1515 536 1581 verba
553 1514 659 1580 media
671 1518 767 1599 recte,
785 1536 851 1579 non
865 1518 950 1579 recte
965 1516 1000 1579 im
1015 1515 1207 1578 Macedonio
1221 1534 1290 1578 esre
1306 1510 1520 1597 interiecta*).

371 1620 452 1688 Non
474 1622 698 1707 persequimur
720 1621 941 1706 quaestionem
964 1620 1160 1685 uberrimam
1184 1642 1266 1703 quae
1289 1624 1339 1684 est
1362 1620 1401 1683 de
1424 1619 1520 1683 collo-

280 1730 411 1795 catione
430 1728 611 1812 verborum,
631 1750 726 1813 qnam
745 1734 778 1793 et
795 1750 854 1793 nos
874 1727 952 1792 alibi
971 1726 1217 1812 perstrinximus
1237 1730 1269 1790 et
1282 1749 1385 1810 nuper
1399 1725 1521 1791 Eduar-

279 1836 343 1901 dns
366 1835 541 1901 Nordenus
574 1835 731 1901 curiosius
760 1835 910 1901 tractavit
937 1834 970 1899 in
998 1834 1082 1901 libro
1111 1835 1242 1920 egregio
1271 1856 1335 1918 quo
1364 1834 1521 1898 sermonis

280 1944 443 2027 pedestris
457 1941 566 2007 Latini
582 1942 720 2006 artificia
735 1944 921 2026 complexus
936 1946 993 2007 est.
1025 1940 1121 2006 Nunc
1135 1942 1219 2006 viam
1236 1942 1349 2005 initam
1363 1946 1519 2005 tenemus.

372 2048 413 2117 In
436 2048 618 2135 Philippica
641 2049 771 2132 urob,
793 2049 834 2112 14
857 2048 935 2114 haec
958 2049 1078 2133 scripta
1101 2053 1177 2113 sunt

419 2156 525 2223 lumea
551 2162 580 2221 et
606 2157 697 2221 dem
724 2155 811 2221 illius
838 2157 988 2221 meritus
1003 2176 1106 2238 poure
1121 2157 1288 2239 praeterii,
1319 2156 1355 2221 Τ.
1374 2156 1519 2219 Annium

421 2262 592 2341 Cimbrum,
615 2262 760 2347 Lysidici
776 2263 888 2346 filium,
912 2262 1096 2345 Lysidimrm
1114 2265 1219 2344 ipsum
1241 2262 1383 2327 Graeco
1401 2262 1560 2340 verbo,1o

419 2371 569 2453 quoniam
600 2371 708 2435 omnia
739 2371 815 2434 iura
846 2369 988 2435 dissolui
1017 2371 1084 2434 nisi
1112 2371 1193 2451 forte
1223 2371 1293 2434 iure
1324 2368 1520 2434 Germanum

423 2475 547 2542 Cimber
568 2477 687 2542 oceidit.

289 2574 396 2648 Verba
419 2583 540 2651 Graeco
562 2582 650 2649 verbo
664 2582 747 2647 'inde
770 2607 790 2648 a
811 2582 958 2649 Manutio
982 2582 1105 2647 inclusa
1128 2583 1284 2667 feruntur,
1308 2587 1340 2649 et
1360 2583 1437 2648 licet
1454 2606 1519 2648 non

293 2688 447 2756 defuerint
464 2691 519 2775 qui
539 2694 652 2755 contra
670 2690 836 2773 sentirent,
854 2690 1067 2755 novissimum
1086 2690 1240 2755 editorem
1261 2712 1327 2754 non
1341 2697 1521 2773 moverunt,

297 2796 348 2879 qui
364 2797 442 2863 haec
460 2819 590 2882 qnoque
608 2796 701 2862 uncis
720 2797 875 2862 adhibitis
894 2797 1094 2882 proscripsit.
1131 2796 1219 2874 Quae
1238 2798 1336 2862 verba
1354 2796 1519 2861 vehemen-

301 2905 344 2966 ter
367 2903 547 2971 dubitamus
574 2904 781 2988 potuerintne
809 2904 940 2969 omnino
969 2905 1038 2968 siue
1065 2903 1257 2969 detrimento
1286 2904 1408 2968 abesse:
1439 2902 1518 2968 illud

304 3010 418 3077 minime
440 3011 575 3077 dubium
598 3010 705 3094 nobis,
729 3033 794 3094 quo
813 3011 948 3076 consilio
967 3010 1008 3076 ab
1027 3012 1099 3095 ipso
1119 3016 1245 3076 oratore
1263 3010 1373 3075 addita
1390 3012 1520 3096 fuerint,

309 3115 354 3198 qui
373 3118 442 3202 quia
462 3117 572 3183 lusum
595 3116 706 3203 captet
728 3118 768 3183 ab
792 3118 1031 3202 interpretando
1055 3117 1167 3183 Graeci
1189 3118 1330 3182 nominis
1353 3120 1520 3200 sententia,

313 3240 364 3303 qno
386 3224 453 3291 lusu
481 3247 576 3310 saepe
602 3228 725 3290 veteres
748 3229 897 3309 utuntur,
925 3227 994 3290 eius
1017 3226 1158 3290 nominis
1182 3225 1246 3289 viru
1270 3225 1392 3289 attendi
1415 3224 1520 3289 voluit

245 3341 246 3348 ’
316 3346 378 3409 quse
398 3334 457 3399 nisi
484 3334 519 3398 in
543 3330 664 3398 Graeco
693 3355 839 3398 sermone
866 3331 981 3418 dispici
1010 3325 1074 3400 non
1103 3337 1225 3418 potest3
1253 3356 1328 3397 uam
1352 3333 1519 3417 Lysidiem
1533 3361 1559 3402 ao

317 3451 363 3498 usu
382 3459 490 3506 romeu
518 3440 671 3505 Latinum
699 3441 821 3504 factum
850 3445 912 3523 est,
944 3441 1036 3505 cuius
1065 3440 1259 3526 significatio
1286 3462 1352 3504 uon
1380 3441 1518 3506 auditur.

319 3533 404 3624 lisque
427 3547 571 3631 Lysidici
596 3547 700 3630 filium
728 3547 913 3630 Lysidicum
939 3549 1044 3630 ipsu-m
1075 3547 1194 3613 Grocm
1221 3548 1309 3613 verbo
1336 3570 1405 3613 esse
1432 3547 1518 3631 dicit,

245 3699 254 3732 ¹.
319 3651 435 3724 mmm
455 3656 529 3719 iuro
552 3654 709 3720 dissolvit:
732 3654 765 3719 id
788 3676 826 3718 eo
849 3654 916 3720 fere
938 3676 1033 3719 sensu
1057 3676 1121 3738 quo
1145 3656 1178 3719 in
1202 3654 1343 3740 Legibus
1366 3655 1454 3738 122,
1473 3657 1517 3720 58

320 3755 442 3833 ’Μία
468 3761 515 3826 ait
537 3763 627 3826 mim
648 3782 754 3826 amore
779 3761 898 3827 Graew
920 3761 1009 3826 uerbo
1026 3761 1227 3844 philosophia
1249 3783 1361 3827 nomem
1384 3765 1518 3827 irruerit:

245 3835 254 3890 l
321 3874 397 3943 mque
415 3866 496 3932 enim
521 3889 540 3932 a
563 3868 738 3953 sapienties
762 3889 870 3933 amore
893 3866 1101 3952 philosophia
1123 3869 1185 3932 nisi
1206 3868 1326 3934 Graeco
1349 3869 1447 3934 verbo
1467 3869 1518 3934 de

277 3959 450 4038 bunum
476 3978 533 4040 est.
570 3971 631 4040 Illa
652 3975 754 4060 igitur
776 3975 955 4040 certissima
977 3979 1015 4039 ut
1037 3975 1131 4040 uobis
1156 3975 1281 4040 videtur
1304 3978 1427 4040 ratione
1450 3978 1517 4041 vin-

245 4079 248 4102 *
322 4065 473 4145 dioentura
496 4080 681 4146 criticorum
705 4082 832 4167 iniuria,
856 4103 937 4166 quae
960 4104 1001 4147 ue
1025 4084 1071 4146 sic
1095 4082 1223 4165 quidem
1243 4081 1423 4147 abiicienda
1440 4083 1518 4147 fuis-

322 4181 432 4266 ffltsi
460 4188 679 4253 abundantius
711 4192 838 4273 praeter
869 4188 1044 4254 utilitatem
1074 4194 1130 4254 aut
1157 4189 1379 4254 necessitatem
1408 4188 1517 4255 addite

324 4279 476 4359 mur.

387 4393 496 4468 llodem
520 4404 627 4487 eapite
649 4407 686 4466 ut
707 4401 772 4467 hoc
785 4402 948 4470 ,addamus
970 4402 1071 4466 simili
1093 4424 1209 4488 genere
1233 4408 1399 4487 peccatum
1420 4404 1515 4469 uobis
1530 4429 1558 4468 eo

325 4493 432 4677 Ἥ
456 4508 545 4586 Quae
568 4511 652 4574 enim
672 4508 846 4575 Muellerus
869 4509 970 4574 edidit
993 4509 1027 4596 (ξ
1048 4509 1103 4595 15)
1125 4508 1312 4574 Buecheleri
1336 4510 1515 4576 rationibus

325 4615 367 4680 pm
410 4611 416 4628 .

422 4742 480 4788 sorr
512 4723 671 4789 mulier
700 4723 800 4789 εοῑιιηι
831 4725 887 4790 aed
916 4724 1011 4789 etio-m
1041 4725 1164 4805 prutina
1195 4745 1253 4805 opo
1284 4724 1396 4808 Fufim·
1434 4727 1517 4791 dixit

423 4832 501 4895 caim
522 4850 661 4896 aeream
681 4852 808 4913 monem
831 4830 1049 4912 erepublica
1071 4830 1242 4914 [ci-ipram]
1264 4834 1456 4910 senteutiam,

326 4931 434 4997 'imur
455 4958 494 5000 ne
516 4957 583 5002 nou
606 4941 691 5002 recte
714 4937 869 5001 adornata
891 4937 964 5001 sint.
1002 4934 1086 5000 Nam
1111 4938 1171 5001 etsi
1195 4937 1297 5001 oratio
1320 4939 1391 5022 ipsa
1413 4939 1516 5022 proba

325 5025 408 5104 *td
426 5061 514 5128 saepe
537 5043 617 5108 illud
640 5044 857 5126 erepublica
880 5046 914 5108 in
936 5043 988 5108 his
1012 5044 1212 5108 orationibus
1232 5044 1461 5128 frequentatur,
1484 5046 1514 5110 si

245 5137 247 5154 ,
324 5139 497 5178 χ-

245 5171 246 5220 l
388 5204 426 5280 't)
441 5217 570 5289 [mima
597 5236 653 5288 quo
681 5235 732 5273 suo
759 5218 821 5273 loeo
849 5221 1008 5284 tuerentur,
1036 5219 1139 5274 omisso
1167 5219 1296 5288 exemplo
1324 5236 1379 5289 quo
1403 5219 1512 5287 utebar,

317 5270 493 5376 H-flbllirgim
517 5309 701 5378 (metensem.
720 5309 741 5374 s.
760 5310 838 5363 ciues.
853 5309 950 5378 pbilol.
968 5315 1036 5361 1899
1057 5327 1083 5363 a.
1099 5311 1143 5377 17)
1161 5308 1330 5362 rhetoricam
1348 5308 1418 5374 vim,
1442 5307 1511 5362 Nor·

313 5359 387 5430 ⁶³⁰⁰·
405 5391 455 5458 (ptr
471 5393 590 5466 litteras)
608 5412 738 5451 numeros
757 5397 806 5466 qui
825 5399 918 5451 essent
936 5397 965 5450 in
985 5400 1102 5452 ruditum
1120 5398 1206 5463 suerit
1223 5397 1409 5468 premebant]
