<?xml version="1.0" encoding="UTF-8"?>
<!DOCTYPE html PUBLIC "-//W3C//DTD XHTML 1.0 Transitional//EN"
    "http://www.w3.org/TR/xhtml1/DTD/xhtml1-transitional.dtd">
<html xmlns="http://www.w3.org/1999/xhtml" xml:lang="en" lang="en">
 <head>
  <title>
</title>
<meta http-equiv="Content-Type" content="text/html;charset=utf-8" />
  <meta name='ocr-system' content='tesseract 3.04.00' />
  <meta name='ocr-capabilities' content='ocr_page ocr_carea ocr_par ocr_line ocrx_word'/>
</head>
<body>
  <div class='ocr_page' id='page_1' title='image "./iohannisvahleni01vahlgoog/iohannisvahleni01vahlgoog_0360.png"; bbox 0 0 3925 6675; ppageno 0'>
   <div class='ocr_carea' id='block_1_1' title="bbox 409 1118 1454 1188">
    <p class='ocr_par' dir='ltr' id='par_1_1' title="bbox 409 1118 1454 1188">
     <span class='ocr_line' id='line_1_1' title="bbox 409 1118 1454 1188; baseline -0.002 -10"><span class='ocrx_word' id='word_1_1' title='bbox 409 1118 475 1187; x_wconf 75' lang='lat'>352</span> <span class='ocrx_word' id='word_1_2' title='bbox 608 1127 641 1178; x_wconf 85' lang='lat' dir='ltr'>L.</span> <span class='ocrx_word' id='word_1_3' title='bbox 659 1126 775 1177; x_wconf 81' lang='lat' dir='ltr'><strong>INDEX</strong></span> <span class='ocrx_word' id='word_1_4' title='bbox 793 1121 1007 1178; x_wconf 67' lang='lat' dir='ltr'>beomorum</span> <span class='ocrx_word' id='word_1_5' title='bbox 1025 1123 1265 1176; x_wconf 80' lang='lat' dir='ltr'>HIBERNARUM</span> <span class='ocrx_word' id='word_1_6' title='bbox 1285 1121 1454 1188; x_wconf 76' lang='lat' dir='ltr'>recolloco.</span> 
     </span>
    </p>
   </div>
   <div class='ocr_carea' id='block_1_2' title="bbox 364 1283 1698 5439">
    <p class='ocr_par' dir='ltr' id='par_1_2' title="bbox 364 1283 1698 5439">
     <span class='ocr_line' id='line_1_2' title="bbox 406 1283 1642 1372; baseline -0.004 -20"><span class='ocrx_word' id='word_1_7' title='bbox 406 1290 539 1372; x_wconf 82' lang='lat' dir='ltr'>garuni:</span> <span class='ocrx_word' id='word_1_8' title='bbox 563 1307 700 1371; x_wconf 90' lang='lat' dir='ltr'>quorum</span> <span class='ocrx_word' id='word_1_9' title='bbox 723 1290 834 1352; x_wconf 90' lang='lat' dir='ltr'>tamen</span> <span class='ocrx_word' id='word_1_10' title='bbox 855 1309 950 1353; x_wconf 91' lang='lat' dir='ltr'>nemo</span> <span class='ocrx_word' id='word_1_11' title='bbox 973 1287 1184 1351; x_wconf 67' lang='lat' dir='ltr'><strong>additamenti</strong></span> <span class='ocrx_word' id='word_1_12' title='bbox 1202 1307 1329 1351; x_wconf 89' lang='lat' dir='ltr'>causam</span> <span class='ocrx_word' id='word_1_13' title='bbox 1349 1287 1382 1349; x_wconf 92' lang='lat' dir='ltr'>et</span> <span class='ocrx_word' id='word_1_14' title='bbox 1400 1283 1570 1350; x_wconf 87' lang='lat' dir='ltr'>consilium</span> <span class='ocrx_word' id='word_1_15' title='bbox 1588 1285 1642 1348; x_wconf 82' lang='lat' dir='ltr'>vel</span> 
     </span>
     <span class='ocr_line' id='line_1_3' title="bbox 408 1391 1642 1480; baseline -0.001 -23"><span class='ocrx_word' id='word_1_16' title='bbox 408 1393 506 1460; x_wconf 80' lang='lat' dir='ltr'>verbo</span> <span class='ocrx_word' id='word_1_17' title='bbox 534 1393 693 1459; x_wconf 89' lang='lat' dir='ltr'>declarare</span> <span class='ocrx_word' id='word_1_18' title='bbox 716 1415 813 1458; x_wconf 89' lang='lat' dir='ltr'>ausus</span> <span class='ocrx_word' id='word_1_19' title='bbox 836 1399 898 1479; x_wconf 85' lang='lat' dir='ltr'>est,</span> <span class='ocrx_word' id='word_1_20' title='bbox 924 1393 980 1458; x_wconf 90' lang='lat' dir='ltr'>sed</span> <span class='ocrx_word' id='word_1_21' title='bbox 1003 1394 1193 1459; x_wconf 86' lang='lat' dir='ltr'>auctoritate</span> <span class='ocrx_word' id='word_1_22' title='bbox 1217 1391 1327 1480; x_wconf 77' lang='lat' dir='ltr'>magni</span> <span class='ocrx_word' id='word_1_23' title='bbox 1349 1392 1410 1456; x_wconf 79' lang='lat' dir='ltr'>viri</span> <span class='ocrx_word' id='word_1_24' title='bbox 1433 1391 1514 1456; x_wconf 89' lang='lat' dir='ltr'>moti</span> <span class='ocrx_word' id='word_1_25' title='bbox 1537 1393 1642 1456; x_wconf 88' lang='lat' dir='ltr'>sustu-</span> 
     </span>
     <span class='ocr_line' id='line_1_4' title="bbox 405 1497 1642 1588; baseline -0.002 -23"><span class='ocrx_word' id='word_1_26' title='bbox 405 1500 516 1565; x_wconf 90' lang='lat' dir='ltr'>lerunt</span> <span class='ocrx_word' id='word_1_27' title='bbox 545 1523 626 1584; x_wconf 90' lang='lat' dir='ltr'>quae</span> <span class='ocrx_word' id='word_1_28' title='bbox 648 1500 788 1588; x_wconf 73' lang='lat' dir='ltr'>intelligi</span> <span class='ocrx_word' id='word_1_29' title='bbox 811 1522 877 1566; x_wconf 92' lang='lat' dir='ltr'>non</span> <span class='ocrx_word' id='word_1_30' title='bbox 900 1505 1061 1586; x_wconf 76' lang='lat' dir='ltr'><strong>poterant.</strong></span> <span class='ocrx_word' id='word_1_31' title='bbox 1097 1500 1142 1565; x_wconf 81' lang='lat' dir='ltr'>llt</span> <span class='ocrx_word' id='word_1_32' title='bbox 1165 1503 1240 1565; x_wconf 92' lang='lat' dir='ltr'>sunt</span> <span class='ocrx_word' id='word_1_33' title='bbox 1264 1519 1339 1564; x_wconf 87' lang='lat' dir='ltr'>sane</span> <span class='ocrx_word' id='word_1_34' title='bbox 1363 1499 1425 1564; x_wconf 87' lang='lat' dir='ltr'>ista</span> <span class='ocrx_word' id='word_1_35' title='bbox 1447 1497 1546 1563; x_wconf 82' lang='lat' dir='ltr'>verba</span> <span class='ocrx_word' id='word_1_36' title='bbox 1567 1519 1642 1581; x_wconf 76' lang='lat' dir='ltr'>quo-</span> 
     </span>
     <span class='ocr_line' id='line_1_5' title="bbox 405 1604 1641 1674; baseline -0.003 -1"><span class='ocrx_word' id='word_1_37' title='bbox 405 1610 498 1673; x_wconf 83' lang='lat' dir='ltr'>u&#39;mm</span> <span class='ocrx_word' id='word_1_38' title='bbox 520 1628 605 1672; x_wconf 84' lang='lat' dir='ltr'>mors</span> <span class='ocrx_word' id='word_1_39' title='bbox 625 1607 741 1672; x_wconf 73' lang='lat' dir='ltr'>ebidem</span> <span class='ocrx_word' id='word_1_40' title='bbox 760 1614 805 1674; x_wconf 81' lang='lat' dir='ltr'>est</span> <span class='ocrx_word' id='word_1_41' title='bbox 823 1608 914 1673; x_wconf 83' lang='lat' dir='ltr'>valde</span> <span class='ocrx_word' id='word_1_42' title='bbox 933 1608 1077 1673; x_wconf 87' lang='lat' dir='ltr'>obscura</span> <span class='ocrx_word' id='word_1_43' title='bbox 1115 1605 1178 1672; x_wconf 82' lang='lat' dir='ltr'>Sed</span> <span class='ocrx_word' id='word_1_44' title='bbox 1197 1609 1345 1672; x_wconf 86' lang='lat' dir='ltr'>minusne</span> <span class='ocrx_word' id='word_1_45' title='bbox 1364 1604 1500 1670; x_wconf 90' lang='lat' dir='ltr'>obscura</span> <span class='ocrx_word' id='word_1_46' title='bbox 1518 1609 1595 1670; x_wconf 92' lang='lat' dir='ltr'>suut</span> <span class='ocrx_word' id='word_1_47' title='bbox 1614 1606 1641 1669; x_wconf 91' lang='lat' dir='ltr'>si</span> 
     </span>
     <span class='ocr_line' id='line_1_6' title="bbox 407 1710 1640 1800; baseline -0.002 -22"><span class='ocrx_word' id='word_1_48' title='bbox 407 1715 448 1778; x_wconf 89' lang='lat' dir='ltr'>ab</span> <span class='ocrx_word' id='word_1_49' title='bbox 477 1713 630 1780; x_wconf 78' lang='lat' dir='ltr'>Cicerone</span> <span class='ocrx_word' id='word_1_50' title='bbox 661 1715 908 1780; x_wconf 84' lang='lat' dir='ltr'>abiudicantur?</span> <span class='ocrx_word' id='word_1_51' title='bbox 938 1719 971 1780; x_wconf 90' lang='lat' dir='ltr'>et</span> <span class='ocrx_word' id='word_1_52' title='bbox 1003 1715 1060 1799; x_wconf 93' lang='lat' dir='ltr'>qui</span> <span class='ocrx_word' id='word_1_53' title='bbox 1089 1737 1127 1778; x_wconf 91' lang='lat' dir='ltr'>ea</span> <span class='ocrx_word' id='word_1_54' title='bbox 1154 1717 1281 1800; x_wconf 89' lang='lat' dir='ltr'>praeter</span> <span class='ocrx_word' id='word_1_55' title='bbox 1307 1716 1446 1778; x_wconf 85' lang='lat' dir='ltr'>mentem</span> <span class='ocrx_word' id='word_1_56' title='bbox 1475 1710 1640 1777; x_wconf 74' lang='lat' dir='ltr'>Ciceronis</span> 
     </span>
     <span class='ocr_line' id='line_1_7' title="bbox 408 1819 1641 1907; baseline -0.002 -21"><span class='ocrx_word' id='word_1_57' title='bbox 408 1821 537 1904; x_wconf 85' lang='lat' dir='ltr'>adiecit,</span> <span class='ocrx_word' id='word_1_58' title='bbox 565 1821 688 1886; x_wconf 86' lang='lat' dir='ltr'>nihilne</span> <span class='ocrx_word' id='word_1_59' title='bbox 710 1821 847 1888; x_wconf 89' lang='lat' dir='ltr'>sensisse</span> <span class='ocrx_word' id='word_1_60' title='bbox 869 1821 1059 1907; x_wconf 85' lang='lat' dir='ltr'>putabitur?</span> <span class='ocrx_word' id='word_1_61' title='bbox 1096 1819 1228 1887; x_wconf 82' lang='lat' dir='ltr'>Frustra</span> <span class='ocrx_word' id='word_1_62' title='bbox 1252 1821 1447 1906; x_wconf 87' lang='lat' dir='ltr'>quaerimus:</span> <span class='ocrx_word' id='word_1_63' title='bbox 1475 1819 1558 1884; x_wconf 91' lang='lat' dir='ltr'>nihil</span> <span class='ocrx_word' id='word_1_64' title='bbox 1580 1841 1641 1886; x_wconf 91' lang='lat' dir='ltr'>nos</span> 
     </span>
     <span class='ocr_line' id='line_1_8' title="bbox 406 1927 1642 2014; baseline -0.002 -20"><span class='ocrx_word' id='word_1_65' title='bbox 406 1928 562 1994; x_wconf 87' lang='lat' dir='ltr'>adiuvant</span> <span class='ocrx_word' id='word_1_66' title='bbox 589 1929 788 2014; x_wconf 87' lang='lat' dir='ltr'>interpretes.</span> <span class='ocrx_word' id='word_1_67' title='bbox 824 1928 895 1995; x_wconf 87' lang='lat' dir='ltr'>Nos</span> <span class='ocrx_word' id='word_1_68' title='bbox 922 1951 998 1994; x_wconf 80' lang='lat' dir='ltr'>nero</span> <span class='ocrx_word' id='word_1_69' title='bbox 1027 1933 1215 1994; x_wconf 81' lang='lat' dir='ltr'>cunctemur</span> <span class='ocrx_word' id='word_1_70' title='bbox 1242 1927 1393 1992; x_wconf 90' lang='lat' dir='ltr'>damnare</span> <span class='ocrx_word' id='word_1_71' title='bbox 1422 1949 1559 2012; x_wconf 86' lang='lat' dir='ltr'>quornm</span> <span class='ocrx_word' id='word_1_72' title='bbox 1581 1947 1642 1992; x_wconf 88' lang='lat' dir='ltr'>noc</span> 
     </span>
     <span class='ocr_line' id='line_1_9' title="bbox 406 2034 1642 2121; baseline -0.001 -20"><span class='ocrx_word' id='word_1_73' title='bbox 406 2058 537 2101; x_wconf 90' lang='lat' dir='ltr'>sensum</span> <span class='ocrx_word' id='word_1_74' title='bbox 564 2056 624 2101; x_wconf 91' lang='lat' dir='ltr'>nec</span> <span class='ocrx_word' id='word_1_75' title='bbox 650 2038 807 2101; x_wconf 89' lang='lat' dir='ltr'>rationem</span> <span class='ocrx_word' id='word_1_76' title='bbox 836 2036 1033 2121; x_wconf 75' lang='lat' dir='ltr'>dispicimus.</span> <span class='ocrx_word' id='word_1_77' title='bbox 1071 2034 1205 2102; x_wconf 85' lang='lat' dir='ltr'>Accedit</span> <span class='ocrx_word' id='word_1_78' title='bbox 1232 2037 1381 2100; x_wconf 87' lang='lat' dir='ltr'>alterum:</span> <span class='ocrx_word' id='word_1_79' title='bbox 1410 2056 1491 2118; x_wconf 88' lang='lat' dir='ltr'>quae</span> <span class='ocrx_word' id='word_1_80' title='bbox 1519 2037 1642 2100; x_wconf 83' lang='lat' dir='ltr'>restant</span> 
     </span>
     <span class='ocr_line' id='line_1_10' title="bbox 407 2139 1698 2226; baseline 0 -19"><span class='ocrx_word' id='word_1_81' title='bbox 407 2143 474 2208; x_wconf 89' lang='lat' dir='ltr'>illis</span> <span class='ocrx_word' id='word_1_82' title='bbox 501 2142 615 2209; x_wconf 89' lang='lat' dir='ltr'>deletis</span> <span class='ocrx_word' id='word_1_83' title='bbox 635 2149 748 2226; x_wconf 73' lang='lat' dir='ltr'>portus</span> <span class='ocrx_word' id='word_1_84' title='bbox 774 2145 858 2209; x_wconf 83' lang='lat' dir='ltr'>euim</span> <span class='ocrx_word' id='word_1_85' title='bbox 879 2151 1006 2226; x_wconf 80' lang='lat' dir='ltr'>praesto</span> <span class='ocrx_word' id='word_1_86' title='bbox 1033 2150 1089 2224; x_wconf 81' lang='lat' dir='ltr'>est,</span> <span class='ocrx_word' id='word_1_87' title='bbox 1121 2150 1280 2209; x_wconf 82' lang='lat' dir='ltr'>aeteruum</span> <span class='ocrx_word' id='word_1_88' title='bbox 1307 2139 1389 2208; x_wconf 73' lang='lat' dir='ltr'>amit</span> <span class='ocrx_word' id='word_1_89' title='bbox 1414 2143 1568 2209; x_wconf 70' lang='grc' dir='ltr'>οοοοοὲοηᾶἑ</span> <span class='ocrx_word' id='word_1_90' title='bbox 1593 2163 1642 2208; x_wconf 84' lang='lat' dir='ltr'>re-</span> <span class='ocrx_word' id='word_1_91' title='bbox 1660 2157 1698 2216; x_wconf 72' lang='grc' dir='ltr'>ιο</span> 
     </span>
     <span class='ocr_line' id='line_1_11' title="bbox 367 2249 1639 2339; baseline -0.005 -19"><span class='ocrx_word' id='word_1_92' title='bbox 367 2279 395 2320; x_wconf 84' lang='grc' dir='ltr'>ιο</span> <span class='ocrx_word' id='word_1_93' title='bbox 407 2249 611 2332; x_wconf 66' lang='lat' dir='ltr'>usmetum,</span> <span class='ocrx_word' id='word_1_94' title='bbox 642 2255 778 2334; x_wconf 89' lang='lat' dir='ltr'>possunt</span> <span class='ocrx_word' id='word_1_95' title='bbox 811 2252 866 2315; x_wconf 91' lang='lat' dir='ltr'>illa</span> <span class='ocrx_word' id='word_1_96' title='bbox 898 2252 1027 2336; x_wconf 92' lang='lat' dir='ltr'>quidem</span> <span class='ocrx_word' id='word_1_97' title='bbox 1046 2251 1199 2339; x_wconf 83' lang='lat' dir='ltr'>intelligi</span> <span class='ocrx_word' id='word_1_98' title='bbox 1231 2273 1290 2316; x_wconf 90' lang='lat' dir='ltr'>nec</span> <span class='ocrx_word' id='word_1_99' title='bbox 1320 2250 1436 2320; x_wconf 80' lang='lat' dir='ltr'>vitiosa</span> <span class='ocrx_word' id='word_1_100' title='bbox 1463 2253 1551 2334; x_wconf 82' lang='lat' dir='ltr'>mut,</span> <span class='ocrx_word' id='word_1_101' title='bbox 1584 2249 1639 2316; x_wconf 81' lang='lat' dir='ltr'>sed</span> 
     </span>
     <span class='ocr_line' id='line_1_12' title="bbox 406 2355 1639 2443; baseline -0.002 -19"><span class='ocrx_word' id='word_1_102' title='bbox 406 2361 516 2424; x_wconf 81' lang='lat' dir='ltr'>tamen</span> <span class='ocrx_word' id='word_1_103' title='bbox 542 2379 608 2422; x_wconf 90' lang='lat' dir='ltr'>non</span> <span class='ocrx_word' id='word_1_104' title='bbox 634 2357 732 2422; x_wconf 90' lang='lat' dir='ltr'>nimis</span> <span class='ocrx_word' id='word_1_105' title='bbox 760 2358 876 2422; x_wconf 88' lang='lat' dir='ltr'>scitum</span> <span class='ocrx_word' id='word_1_106' title='bbox 905 2362 955 2422; x_wconf 90' lang='lat' dir='ltr'>est</span> <span class='ocrx_word' id='word_1_107' title='bbox 981 2357 1044 2422; x_wconf 91' lang='lat' dir='ltr'>hoc</span> <span class='ocrx_word' id='word_1_108' title='bbox 1072 2355 1199 2424; x_wconf 90' lang='lat' dir='ltr'>dicendi</span> <span class='ocrx_word' id='word_1_109' title='bbox 1227 2379 1342 2443; x_wconf 83' lang='lat' dir='ltr'>genus3</span> <span class='ocrx_word' id='word_1_110' title='bbox 1372 2356 1459 2442; x_wconf 91' lang='lat' dir='ltr'>quod</span> <span class='ocrx_word' id='word_1_111' title='bbox 1487 2356 1639 2440; x_wconf 87' lang='lat' dir='ltr'>quoniam</span> 
     </span>
     <span class='ocr_line' id='line_1_13' title="bbox 406 2463 1637 2549; baseline 0 -22"><span class='ocrx_word' id='word_1_112' title='bbox 406 2485 474 2528; x_wconf 90' lang='lat' dir='ltr'>non</span> <span class='ocrx_word' id='word_1_113' title='bbox 500 2465 547 2528; x_wconf 90' lang='lat' dir='ltr'>ita</span> <span class='ocrx_word' id='word_1_114' title='bbox 574 2463 728 2528; x_wconf 87' lang='lat' dir='ltr'>traditum</span> <span class='ocrx_word' id='word_1_115' title='bbox 757 2468 805 2528; x_wconf 91' lang='lat' dir='ltr'>cst</span> <span class='ocrx_word' id='word_1_116' title='bbox 832 2463 888 2528; x_wconf 88' lang='lat' dir='ltr'>sed</span> <span class='ocrx_word' id='word_1_117' title='bbox 914 2469 1027 2530; x_wconf 87' lang='lat' dir='ltr'>nostro</span> <span class='ocrx_word' id='word_1_118' title='bbox 1055 2465 1183 2530; x_wconf 92' lang='lat' dir='ltr'>decreto</span> <span class='ocrx_word' id='word_1_119' title='bbox 1211 2467 1354 2549; x_wconf 86' lang='lat' dir='ltr'>partum,</span> <span class='ocrx_word' id='word_1_120' title='bbox 1386 2463 1514 2528; x_wconf 90' lang='lat' dir='ltr'>dubites</span> <span class='ocrx_word' id='word_1_121' title='bbox 1542 2485 1637 2548; x_wconf 86' lang='lat' dir='ltr'>quarn</span> 
     </span>
     <span class='ocr_line' id='line_1_14' title="bbox 405 2569 1639 2656; baseline -0.002 -20"><span class='ocrx_word' id='word_1_122' title='bbox 405 2569 594 2636; x_wconf 88' lang='lat' dir='ltr'>Ciceronem</span> <span class='ocrx_word' id='word_1_123' title='bbox 618 2570 727 2635; x_wconf 86' lang='lat' dir='ltr'>decere</span> <span class='ocrx_word' id='word_1_124' title='bbox 751 2570 847 2635; x_wconf 87' lang='lat' dir='ltr'>dicas.</span> <span class='ocrx_word' id='word_1_125' title='bbox 883 2570 971 2648; x_wconf 84' lang='lat' dir='ltr'>Quae</span> <span class='ocrx_word' id='word_1_126' title='bbox 995 2593 1068 2637; x_wconf 92' lang='lat' dir='ltr'>cum</span> <span class='ocrx_word' id='word_1_127' title='bbox 1090 2573 1137 2638; x_wconf 84' lang='lat' dir='ltr'>ita</span> <span class='ocrx_word' id='word_1_128' title='bbox 1155 2572 1229 2656; x_wconf 83' lang='lat' dir='ltr'>sint,</span> <span class='ocrx_word' id='word_1_129' title='bbox 1253 2571 1371 2636; x_wconf 87' lang='lat' dir='ltr'>mirum</span> <span class='ocrx_word' id='word_1_130' title='bbox 1389 2592 1455 2636; x_wconf 89' lang='lat' dir='ltr'>nou</span> <span class='ocrx_word' id='word_1_131' title='bbox 1473 2575 1523 2636; x_wconf 87' lang='lat' dir='ltr'>est</span> <span class='ocrx_word' id='word_1_132' title='bbox 1540 2569 1639 2636; x_wconf 80' lang='lat' dir='ltr'>inisse</span> 
     </span>
     <span class='ocr_line' id='line_1_15' title="bbox 406 2675 1640 2764; baseline 0 -22"><span class='ocrx_word' id='word_1_133' title='bbox 406 2678 465 2763; x_wconf 88' lang='lat' dir='ltr'>qui</span> <span class='ocrx_word' id='word_1_134' title='bbox 492 2677 526 2742; x_wconf 92' lang='lat' dir='ltr'>in</span> <span class='ocrx_word' id='word_1_135' title='bbox 548 2676 737 2742; x_wconf 83' lang='lat' dir='ltr'>Bentleinua</span> <span class='ocrx_word' id='word_1_136' title='bbox 759 2677 884 2742; x_wconf 89' lang='lat' dir='ltr'>ratione</span> <span class='ocrx_word' id='word_1_137' title='bbox 906 2698 970 2742; x_wconf 91' lang='lat' dir='ltr'>non</span> <span class='ocrx_word' id='word_1_138' title='bbox 996 2700 1065 2744; x_wconf 89' lang='lat' dir='ltr'>esse</span> <span class='ocrx_word' id='word_1_139' title='bbox 1087 2675 1323 2764; x_wconf 84' lang='lat' dir='ltr'>persistendum</span> <span class='ocrx_word' id='word_1_140' title='bbox 1345 2679 1408 2742; x_wconf 90' lang='lat' dir='ltr'>rati</span> <span class='ocrx_word' id='word_1_141' title='bbox 1431 2677 1512 2742; x_wconf 89' lang='lat' dir='ltr'>alios</span> <span class='ocrx_word' id='word_1_142' title='bbox 1534 2699 1640 2744; x_wconf 86' lang='lat' dir='ltr'>emen-</span> 
     </span>
     <span class='ocr_line' id='line_1_16' title="bbox 406 2774 1641 2870; baseline -0.001 -20"><span class='ocrx_word' id='word_1_143' title='bbox 406 2784 505 2850; x_wconf 90' lang='lat' dir='ltr'>dandi</span> <span class='ocrx_word' id='word_1_144' title='bbox 528 2774 640 2850; x_wconf 89' lang='lat' dir='ltr'>modos</span> <span class='ocrx_word' id='word_1_145' title='bbox 663 2785 953 2869; x_wconf 76' lang='lat' dir='ltr'>circumspicerent.</span> <span class='ocrx_word' id='word_1_146' title='bbox 991 2783 1066 2852; x_wconf 79' lang='lat' dir='ltr'>Fuit</span> <span class='ocrx_word' id='word_1_147' title='bbox 1089 2787 1145 2870; x_wconf 92' lang='lat' dir='ltr'>qui</span> <span class='ocrx_word' id='word_1_148' title='bbox 1167 2785 1281 2852; x_wconf 69' lang='lat' dir='ltr'>ebidem</span> <span class='ocrx_word' id='word_1_149' title='bbox 1299 2784 1469 2850; x_wconf 90' lang='lat' dir='ltr'>delendum</span> <span class='ocrx_word' id='word_1_150' title='bbox 1488 2788 1641 2869; x_wconf 77' lang='lat' dir='ltr'>censeret,</span> 
     </span>
     <span class='ocr_line' id='line_1_17' title="bbox 405 2882 1642 2976; baseline -0.002 -18"><span class='ocrx_word' id='word_1_151' title='bbox 405 2882 557 2976; x_wconf 75' lang='lat' dir='ltr'>quoniam</span> <span class='ocrx_word' id='word_1_152' title='bbox 575 2912 659 2958; x_wconf 85' lang='lat' dir='ltr'>mors</span> <span class='ocrx_word' id='word_1_153' title='bbox 676 2897 720 2958; x_wconf 82' lang='lat' dir='ltr'>est</span> <span class='ocrx_word' id='word_1_154' title='bbox 737 2883 897 2956; x_wconf 68' lang='lat' dir='ltr'>amenum</span> <span class='ocrx_word' id='word_1_155' title='bbox 913 2891 996 2957; x_wconf 69' lang='lat' dir='ltr'>uitat</span> <span class='ocrx_word' id='word_1_156' title='bbox 1013 2893 1168 2958; x_wconf 74' lang='lat' dir='ltr'>sertimdi</span> <span class='ocrx_word' id='word_1_157' title='bbox 1180 2892 1412 2976; x_wconf 70' lang='lat' dir='ltr'>receptambum</span> <span class='ocrx_word' id='word_1_158' title='bbox 1429 2891 1517 2956; x_wconf 88' lang='lat' dir='ltr'>haud</span> <span class='ocrx_word' id='word_1_159' title='bbox 1530 2891 1642 2976; x_wconf 81' lang='lat' dir='ltr'>inepta</span> 
     </span>
     <span class='ocr_line' id='line_1_18' title="bbox 408 2989 1641 3085; baseline -0.001 -21"><span class='ocrx_word' id='word_1_160' title='bbox 408 3000 576 3083; x_wconf 86' lang='lat' dir='ltr'>sententia,</span> <span class='ocrx_word' id='word_1_161' title='bbox 599 2999 654 3064; x_wconf 89' lang='lat' dir='ltr'>sed</span> <span class='ocrx_word' id='word_1_162' title='bbox 677 3021 741 3064; x_wconf 89' lang='lat' dir='ltr'>uon</span> <span class='ocrx_word' id='word_1_163' title='bbox 765 2989 900 3084; x_wconf 85' lang='lat' dir='ltr'>apparet</span> <span class='ocrx_word' id='word_1_164' title='bbox 922 2999 1007 3063; x_wconf 89' lang='lat' dir='ltr'>unde</span> <span class='ocrx_word' id='word_1_165' title='bbox 1031 2999 1126 3065; x_wconf 85' lang='lat' dir='ltr'>istam</span> <span class='ocrx_word' id='word_1_166' title='bbox 1149 2999 1340 3085; x_wconf 87' lang='lat' dir='ltr'>particulam</span> <span class='ocrx_word' id='word_1_167' title='bbox 1363 2999 1534 3064; x_wconf 87' lang='lat' dir='ltr'>accessisse</span> <span class='ocrx_word' id='word_1_168' title='bbox 1556 2997 1641 3064; x_wconf 89' lang='lat' dir='ltr'>dica·</span> 
     </span>
     <span class='ocr_line' id='line_1_19' title="bbox 407 3103 1640 3190; baseline -0.001 -19"><span class='ocrx_word' id='word_1_169' title='bbox 407 3128 488 3171; x_wconf 91' lang='lat' dir='ltr'>mus.</span> <span class='ocrx_word' id='word_1_170' title='bbox 524 3105 618 3171; x_wconf 80' lang='lat' dir='ltr'>Alius</span> <span class='ocrx_word' id='word_1_171' title='bbox 640 3128 707 3171; x_wconf 92' lang='lat' dir='ltr'>non</span> <span class='ocrx_word' id='word_1_172' title='bbox 729 3105 844 3171; x_wconf 78' lang='lat' dir='ltr'>itidem</span> <span class='ocrx_word' id='word_1_173' title='bbox 867 3105 922 3169; x_wconf 88' lang='lat' dir='ltr'>sed</span> <span class='ocrx_word' id='word_1_174' title='bbox 945 3125 1030 3171; x_wconf 83' lang='lat' dir='ltr'>more</span> <span class='ocrx_word' id='word_1_175' title='bbox 1052 3106 1163 3172; x_wconf 87' lang='lat' dir='ltr'>abesse</span> <span class='ocrx_word' id='word_1_176' title='bbox 1181 3103 1307 3189; x_wconf 88' lang='lat' dir='ltr'>maluit,</span> <span class='ocrx_word' id='word_1_177' title='bbox 1331 3129 1395 3190; x_wconf 86' lang='lat' dir='ltr'>quc</span> <span class='ocrx_word' id='word_1_178' title='bbox 1414 3105 1544 3190; x_wconf 88' lang='lat' dir='ltr'>dempta</span> <span class='ocrx_word' id='word_1_179' title='bbox 1561 3127 1640 3170; x_wconf 76' lang='lat' dir='ltr'>uoce</span> 
     </span>
     <span class='ocr_line' id='line_1_20' title="bbox 408 3211 1639 3299; baseline -0.002 -21"><span class='ocrx_word' id='word_1_180' title='bbox 408 3214 524 3279; x_wconf 88' lang='lat' dir='ltr'>crescit</span> <span class='ocrx_word' id='word_1_181' title='bbox 546 3235 611 3278; x_wconf 92' lang='lat' dir='ltr'>nou</span> <span class='ocrx_word' id='word_1_182' title='bbox 633 3214 791 3277; x_wconf 89' lang='lat' dir='ltr'>minuitur</span> <span class='ocrx_word' id='word_1_183' title='bbox 809 3211 983 3277; x_wconf 87' lang='lat' dir='ltr'>difficultas</span> <span class='ocrx_word' id='word_1_184' title='bbox 1003 3213 1118 3279; x_wconf 81' lang='lat' dir='ltr'>ibidem</span> <span class='ocrx_word' id='word_1_185' title='bbox 1136 3212 1313 3299; x_wconf 77' lang='lat' dir='ltr'>particulae</span> <span class='ocrx_word' id='word_1_186' title='bbox 1331 3211 1552 3297; x_wconf 85' lang='lat' dir='ltr'>explicandae:</span> <span class='ocrx_word' id='word_1_187' title='bbox 1574 3233 1639 3296; x_wconf 92' lang='lat' dir='ltr'>qno</span> 
     </span>
     <span class='ocr_line' id='line_1_21' title="bbox 364 3317 1638 3407; baseline 0 -22"><span class='ocrx_word' id='word_1_188' title='bbox 364 3344 394 3385; x_wconf 75' lang='lat' dir='ltr'>so</span> <span class='ocrx_word' id='word_1_189' title='bbox 408 3321 493 3386; x_wconf 87' lang='lat' dir='ltr'>enim</span> <span class='ocrx_word' id='word_1_190' title='bbox 525 3320 714 3387; x_wconf 79' lang='lat' dir='ltr'>referimus?</span> <span class='ocrx_word' id='word_1_191' title='bbox 754 3318 867 3404; x_wconf 84' lang='lat' dir='ltr'>ltaque</span> <span class='ocrx_word' id='word_1_192' title='bbox 889 3318 1141 3407; x_wconf 83' lang='lat' dir='ltr'>Wesenbergius</span> <span class='ocrx_word' id='word_1_193' title='bbox 1175 3319 1227 3407; x_wconf 91' lang='lat' dir='ltr'>(ut</span> <span class='ocrx_word' id='word_1_194' title='bbox 1258 3321 1321 3387; x_wconf 89' lang='lat' dir='ltr'>iam</span> <span class='ocrx_word' id='word_1_195' title='bbox 1352 3323 1426 3388; x_wconf 87' lang='lat' dir='ltr'>ante</span> <span class='ocrx_word' id='word_1_196' title='bbox 1453 3317 1638 3405; x_wconf 75' lang='lat' dir='ltr'>Nissenius)</span> 
     </span>
     <span class='ocr_line' id='line_1_22' title="bbox 408 3428 1639 3513; baseline 0 -21"><span class='ocrx_word' id='word_1_197' title='bbox 408 3429 560 3512; x_wconf 89' lang='lat' dir='ltr'>quoniam</span> <span class='ocrx_word' id='word_1_198' title='bbox 588 3428 703 3493; x_wconf 73' lang='lat' dir='ltr'>ebidem</span> <span class='ocrx_word' id='word_1_199' title='bbox 729 3428 868 3493; x_wconf 89' lang='lat' dir='ltr'>maxime</span> <span class='ocrx_word' id='word_1_200' title='bbox 897 3428 1024 3492; x_wconf 89' lang='lat' dir='ltr'>obstare</span> <span class='ocrx_word' id='word_1_201' title='bbox 1052 3428 1214 3513; x_wconf 79' lang='lat' dir='ltr'>probabili</span> <span class='ocrx_word' id='word_1_202' title='bbox 1241 3429 1417 3495; x_wconf 87' lang='lat' dir='ltr'>sententiae</span> <span class='ocrx_word' id='word_1_203' title='bbox 1445 3432 1478 3492; x_wconf 91' lang='lat' dir='ltr'>et</span> <span class='ocrx_word' id='word_1_204' title='bbox 1500 3428 1639 3493; x_wconf 90' lang='lat' dir='ltr'>orationi</span> 
     </span>
     <span class='ocr_line' id='line_1_23' title="bbox 407 3528 1640 3621; baseline -0.001 -21"><span class='ocrx_word' id='word_1_205' title='bbox 407 3535 586 3618; x_wconf 81' lang='lat' dir='ltr'>videbatur,</span> <span class='ocrx_word' id='word_1_206' title='bbox 608 3535 692 3600; x_wconf 79' lang='lat' dir='ltr'>hunc</span> <span class='ocrx_word' id='word_1_207' title='bbox 714 3535 906 3620; x_wconf 87' lang='lat' dir='ltr'>particulam</span> <span class='ocrx_word' id='word_1_208' title='bbox 925 3528 1194 3621; x_wconf 46' lang='lat' dir='ltr'>aggrediendam*</span> <span class='ocrx_word' id='word_1_209' title='bbox 1206 3556 1315 3600; x_wconf 81' lang='lat' dir='ltr'>verum</span> <span class='ocrx_word' id='word_1_210' title='bbox 1333 3556 1399 3599; x_wconf 92' lang='lat' dir='ltr'>non</span> <span class='ocrx_word' id='word_1_211' title='bbox 1417 3534 1640 3617; x_wconf 82' lang='lat' dir='ltr'>abiiciendam,</span> 
     </span>
     <span class='ocr_line' id='line_1_24' title="bbox 406 3640 1639 3728; baseline 0 -21"><span class='ocrx_word' id='word_1_212' title='bbox 406 3642 464 3707; x_wconf 88' lang='lat' dir='ltr'>sed</span> <span class='ocrx_word' id='word_1_213' title='bbox 491 3640 712 3728; x_wconf 80' lang='lat' dir='ltr'>corrigendam</span> <span class='ocrx_word' id='word_1_214' title='bbox 740 3663 809 3707; x_wconf 87' lang='lat' dir='ltr'>esse</span> <span class='ocrx_word' id='word_1_215' title='bbox 832 3641 969 3705; x_wconf 88' lang='lat' dir='ltr'>censuit:</span> <span class='ocrx_word' id='word_1_216' title='bbox 998 3664 1036 3705; x_wconf 86' lang='lat' dir='ltr'>ex</span> <span class='ocrx_word' id='word_1_217' title='bbox 1061 3642 1173 3707; x_wconf 70' lang='lat' dir='ltr'>midam</span> <span class='ocrx_word' id='word_1_218' title='bbox 1198 3643 1303 3707; x_wconf 85' lang='lat' dir='ltr'>effecit</span> <span class='ocrx_word' id='word_1_219' title='bbox 1325 3642 1462 3724; x_wconf 75' lang='lat' dir='ltr'>quidem,</span> <span class='ocrx_word' id='word_1_220' title='bbox 1490 3643 1639 3724; x_wconf 71' lang='lat' dir='ltr'>armatam</span> 
     </span>
     <span class='ocr_line' id='line_1_25' title="bbox 406 3748 1640 3833; baseline -0.002 -18"><span class='ocrx_word' id='word_1_221' title='bbox 406 3770 493 3815; x_wconf 83' lang='lat' dir='ltr'>more</span> <span class='ocrx_word' id='word_1_222' title='bbox 518 3750 642 3833; x_wconf 76' lang='lat' dir='ltr'>quidem</span> <span class='ocrx_word' id='word_1_223' title='bbox 665 3754 709 3814; x_wconf 85' lang='lat' dir='ltr'>cst</span> <span class='ocrx_word' id='word_1_224' title='bbox 729 3769 761 3813; x_wconf 85' lang='lat' dir='ltr'>u.</span> <span class='ocrx_word' id='word_1_225' title='bbox 778 3769 803 3814; x_wconf 84' lang='lat' dir='ltr'>s.</span> <span class='ocrx_word' id='word_1_226' title='bbox 825 3748 1062 3830; x_wconf 69' lang='lat' dir='ltr'>receptaculum,</span> <span class='ocrx_word' id='word_1_227' title='bbox 1091 3748 1147 3813; x_wconf 89' lang='lat' dir='ltr'>sed</span> <span class='ocrx_word' id='word_1_228' title='bbox 1170 3748 1246 3833; x_wconf 92' lang='lat' dir='ltr'>quia</span> <span class='ocrx_word' id='word_1_229' title='bbox 1269 3770 1352 3815; x_wconf 85' lang='lat' dir='ltr'>mors</span> <span class='ocrx_word' id='word_1_230' title='bbox 1373 3771 1438 3814; x_wconf 91' lang='lat' dir='ltr'>non</span> <span class='ocrx_word' id='word_1_231' title='bbox 1463 3750 1542 3813; x_wconf 90' lang='lat' dir='ltr'>satis</span> <span class='ocrx_word' id='word_1_232' title='bbox 1564 3752 1640 3833; x_wconf 91' lang='lat' dir='ltr'>apte</span> 
     </span>
     <span class='ocr_line' id='line_1_26' title="bbox 408 3854 1640 3941; baseline -0.001 -20"><span class='ocrx_word' id='word_1_233' title='bbox 408 3878 445 3921; x_wconf 85' lang='lat' dir='ltr'>ee</span> <span class='ocrx_word' id='word_1_234' title='bbox 468 3856 626 3941; x_wconf 90' lang='lat' dir='ltr'>particula</span> <span class='ocrx_word' id='word_1_235' title='bbox 648 3854 756 3921; x_wconf 84' lang='lat' dir='ltr'>addita</span> <span class='ocrx_word' id='word_1_236' title='bbox 778 3856 851 3921; x_wconf 91' lang='lat' dir='ltr'>acui</span> <span class='ocrx_word' id='word_1_237' title='bbox 873 3854 1056 3941; x_wconf 84' lang='lat' dir='ltr'>videbatur,</span> <span class='ocrx_word' id='word_1_238' title='bbox 1083 3857 1283 3941; x_wconf 89' lang='lat' dir='ltr'>transposuit</span> <span class='ocrx_word' id='word_1_239' title='bbox 1306 3858 1431 3939; x_wconf 74' lang='lat' dir='ltr'>quidem</span> <span class='ocrx_word' id='word_1_240' title='bbox 1454 3861 1486 3921; x_wconf 90' lang='lat' dir='ltr'>et</span> <span class='ocrx_word' id='word_1_241' title='bbox 1509 3856 1640 3941; x_wconf 87' lang='lat' dir='ltr'>scripsit</span> 
     </span>
     <span class='ocr_line' id='line_1_27' title="bbox 407 3962 1639 4047; baseline -0.001 -18"><span class='ocrx_word' id='word_1_242' title='bbox 407 3965 555 4047; x_wconf 75' lang='lat' dir='ltr'>quoniam</span> <span class='ocrx_word' id='word_1_243' title='bbox 579 3964 702 4045; x_wconf 72' lang='lat' dir='ltr'>cuidam</span> <span class='ocrx_word' id='word_1_244' title='bbox 725 3982 810 4031; x_wconf 81' lang='lat' dir='ltr'>mors</span> <span class='ocrx_word' id='word_1_245' title='bbox 831 3969 876 4029; x_wconf 79' lang='lat' dir='ltr'>cst</span> <span class='ocrx_word' id='word_1_246' title='bbox 891 3984 923 4027; x_wconf 88' lang='lat' dir='ltr'>u.</span> <span class='ocrx_word' id='word_1_247' title='bbox 941 3982 965 4029; x_wconf 82' lang='lat' dir='ltr'>s.</span> <span class='ocrx_word' id='word_1_248' title='bbox 983 3964 1215 4045; x_wconf 79' lang='lat' dir='ltr'>receptaculum,</span> <span class='ocrx_word' id='word_1_249' title='bbox 1240 3966 1271 4027; x_wconf 91' lang='lat' dir='ltr'>et</span> <span class='ocrx_word' id='word_1_250' title='bbox 1289 3962 1348 4027; x_wconf 86' lang='lat' dir='ltr'>has</span> <span class='ocrx_word' id='word_1_251' title='bbox 1368 3964 1446 4028; x_wconf 85' lang='lat' dir='ltr'>duas</span> <span class='ocrx_word' id='word_1_252' title='bbox 1465 3962 1639 4047; x_wconf 86' lang='lat' dir='ltr'>particulas</span> 
     </span>
     <span class='ocr_line' id='line_1_28' title="bbox 409 4068 1639 4156; baseline 0 -21"><span class='ocrx_word' id='word_1_253' title='bbox 409 4068 595 4137; x_wconf 85' lang='lat' dir='ltr'>Ciceronem</span> <span class='ocrx_word' id='word_1_254' title='bbox 623 4092 718 4156; x_wconf 91' lang='lat' dir='ltr'>saepe</span> <span class='ocrx_word' id='word_1_255' title='bbox 746 4070 897 4155; x_wconf 88' lang='lat' dir='ltr'>copulare</span> <span class='ocrx_word' id='word_1_256' title='bbox 919 4070 1031 4135; x_wconf 87' lang='lat' dir='ltr'>multis</span> <span class='ocrx_word' id='word_1_257' title='bbox 1055 4070 1211 4155; x_wconf 85' lang='lat' dir='ltr'>exemplis</span> <span class='ocrx_word' id='word_1_258' title='bbox 1234 4069 1391 4155; x_wconf 88' lang='lat' dir='ltr'>probavit.</span> <span class='ocrx_word' id='word_1_259' title='bbox 1429 4068 1539 4154; x_wconf 84' lang='lat' dir='ltr'>Atque</span> <span class='ocrx_word' id='word_1_260' title='bbox 1560 4069 1639 4146; x_wconf 82' lang='lat' dir='ltr'>hacc</span> 
     </span>
     <span class='ocr_line' id='line_1_29' title="bbox 407 4166 1640 4262; baseline -0.002 -19"><span class='ocrx_word' id='word_1_261' title='bbox 407 4166 593 4244; x_wconf 86' lang='lat' dir='ltr'>emendatio</span> <span class='ocrx_word' id='word_1_262' title='bbox 611 4179 788 4243; x_wconf 90' lang='lat' dir='ltr'>multorum</span> <span class='ocrx_word' id='word_1_263' title='bbox 811 4170 959 4262; x_wconf 86' lang='lat' dir='ltr'>plausum</span> <span class='ocrx_word' id='word_1_264' title='bbox 982 4172 1059 4241; x_wconf 87' lang='lat' dir='ltr'>tulit</span> <span class='ocrx_word' id='word_1_265' title='bbox 1081 4174 1339 4261; x_wconf 79' lang='lat' dir='ltr'>permultosque</span> <span class='ocrx_word' id='word_1_266' title='bbox 1358 4176 1514 4243; x_wconf 87' lang='lat' dir='ltr'>editiones</span> <span class='ocrx_word' id='word_1_267' title='bbox 1534 4197 1640 4242; x_wconf 88' lang='lat' dir='ltr'>receu-</span> 
     </span>
     <span class='ocr_line' id='line_1_30' title="bbox 407 4272 1640 4370; baseline -0.001 -20"><span class='ocrx_word' id='word_1_268' title='bbox 407 4288 527 4351; x_wconf 90' lang='lat' dir='ltr'>tiorum</span> <span class='ocrx_word' id='word_1_269' title='bbox 546 4275 741 4369; x_wconf 82' lang='lat' dir='ltr'>criticorum,</span> <span class='ocrx_word' id='word_1_270' title='bbox 759 4284 912 4365; x_wconf 77' lang='lat' dir='ltr'>Tischeri,</span> <span class='ocrx_word' id='word_1_271' title='bbox 931 4272 1058 4367; x_wconf 55' lang='lat' dir='ltr'>Sorofiij</span> <span class='ocrx_word' id='word_1_272' title='bbox 1077 4282 1197 4365; x_wconf 88' lang='lat' dir='ltr'>Heinii,</span> <span class='ocrx_word' id='word_1_273' title='bbox 1213 4282 1390 4368; x_wconf 87' lang='lat' dir='ltr'>Meissneri‚</span> <span class='ocrx_word' id='word_1_274' title='bbox 1408 4282 1447 4348; x_wconf 86' lang='lat' dir='ltr'>al.</span> <span class='ocrx_word' id='word_1_275' title='bbox 1463 4288 1640 4370; x_wconf 78' lang='lat' dir='ltr'>propagata</span> 
     </span>
     <span class='ocr_line' id='line_1_31' title="bbox 364 4382 1638 4475; baseline 0 -20"><span class='ocrx_word' id='word_1_276' title='bbox 364 4416 394 4455; x_wconf 72' lang='lat' dir='ltr'>ro</span> <span class='ocrx_word' id='word_1_277' title='bbox 408 4397 464 4457; x_wconf 90' lang='lat' dir='ltr'>est.</span> <span class='ocrx_word' id='word_1_278' title='bbox 502 4391 646 4469; x_wconf 81' lang='lat' dir='ltr'>Quorum</span> <span class='ocrx_word' id='word_1_279' title='bbox 674 4391 844 4457; x_wconf 88' lang='lat' dir='ltr'>consensui</span> <span class='ocrx_word' id='word_1_280' title='bbox 873 4392 1053 4475; x_wconf 87' lang='lat' dir='ltr'>quominus·</span> <span class='ocrx_word' id='word_1_281' title='bbox 1068 4390 1255 4459; x_wconf 87' lang='lat' dir='ltr'>accedamus</span> <span class='ocrx_word' id='word_1_282' title='bbox 1279 4382 1380 4457; x_wconf 74' lang='lat' dir='ltr'>m&#39;ulte</span> <span class='ocrx_word' id='word_1_283' title='bbox 1404 4408 1462 4457; x_wconf 88' lang='lat' dir='ltr'>uos</span> <span class='ocrx_word' id='word_1_284' title='bbox 1485 4390 1638 4459; x_wconf 86' lang='lat' dir='ltr'>retinent:</span> 
     </span>
     <span class='ocr_line' id='line_1_32' title="bbox 409 4492 1638 4583; baseline -0.001 -20"><span class='ocrx_word' id='word_1_285' title='bbox 409 4520 449 4563; x_wconf 87' lang='lat' dir='ltr'>ex</span> <span class='ocrx_word' id='word_1_286' title='bbox 475 4500 590 4563; x_wconf 61' lang='lat' dir='ltr'>Moru</span> <span class='ocrx_word' id='word_1_287' title='bbox 617 4497 745 4563; x_wconf 82' lang='lat' dir='ltr'>efficere</span> <span class='ocrx_word' id='word_1_288' title='bbox 770 4498 908 4580; x_wconf 70' lang='lat' dir='ltr'>quidem,</span> <span class='ocrx_word' id='word_1_289' title='bbox 937 4517 1002 4581; x_wconf 92' lang='lat' dir='ltr'>quo</span> <span class='ocrx_word' id='word_1_290' title='bbox 1030 4494 1113 4563; x_wconf 90' lang='lat' dir='ltr'>nihil</span> <span class='ocrx_word' id='word_1_291' title='bbox 1141 4519 1222 4583; x_wconf 78' lang='lat' dir='ltr'>opus</span> <span class='ocrx_word' id='word_1_292' title='bbox 1250 4502 1332 4581; x_wconf 88' lang='lat' dir='ltr'>erat,</span> <span class='ocrx_word' id='word_1_293' title='bbox 1360 4502 1392 4563; x_wconf 93' lang='lat' dir='ltr'>et</span> <span class='ocrx_word' id='word_1_294' title='bbox 1414 4492 1478 4564; x_wconf 85' lang='lat' dir='ltr'>hoo</span> <span class='ocrx_word' id='word_1_295' title='bbox 1500 4498 1578 4583; x_wconf 90' lang='lat' dir='ltr'>quia</span> <span class='ocrx_word' id='word_1_296' title='bbox 1600 4519 1638 4562; x_wconf 90' lang='lat' dir='ltr'>eo</span> 
     </span>
     <span class='ocr_line' id='line_1_33' title="bbox 408 4596 1639 4689; baseline 0 -20"><span class='ocrx_word' id='word_1_297' title='bbox 408 4604 480 4671; x_wconf 93' lang='lat' dir='ltr'>loco</span> <span class='ocrx_word' id='word_1_298' title='bbox 508 4604 654 4689; x_wconf 89' lang='lat' dir='ltr'>ineptum</span> <span class='ocrx_word' id='word_1_299' title='bbox 681 4609 731 4669; x_wconf 90' lang='lat' dir='ltr'>est</span> <span class='ocrx_word' id='word_1_300' title='bbox 757 4608 966 4689; x_wconf 72' lang='lat' dir='ltr'>transponere</span> <span class='ocrx_word' id='word_1_301' title='bbox 995 4607 1027 4668; x_wconf 90' lang='lat' dir='ltr'>et</span> <span class='ocrx_word' id='word_1_302' title='bbox 1054 4596 1192 4671; x_wconf 87' lang='lat' dir='ltr'>scribere</span> <span class='ocrx_word' id='word_1_303' title='bbox 1214 4606 1364 4688; x_wconf 77' lang='lat' dir='ltr'>quoniam</span> <span class='ocrx_word' id='word_1_304' title='bbox 1386 4605 1524 4687; x_wconf 76' lang='lat' dir='ltr'>quidmt,</span> <span class='ocrx_word' id='word_1_305' title='bbox 1552 4603 1639 4689; x_wconf 87' lang='lat' dir='ltr'>quod</span> 
     </span>
     <span class='ocr_line' id='line_1_34' title="bbox 407 4706 1640 4797; baseline 0 -20"><span class='ocrx_word' id='word_1_306' title='bbox 407 4713 486 4777; x_wconf 89' lang='lat' dir='ltr'>item</span> <span class='ocrx_word' id='word_1_307' title='bbox 505 4712 619 4777; x_wconf 91' lang='lat' dir='ltr'>inutile</span> <span class='ocrx_word' id='word_1_308' title='bbox 637 4716 715 4795; x_wconf 85' lang='lat' dir='ltr'>erat,</span> <span class='ocrx_word' id='word_1_309' title='bbox 733 4734 830 4797; x_wconf 87' lang='lat' dir='ltr'>quam</span> <span class='ocrx_word' id='word_1_310' title='bbox 848 4710 976 4775; x_wconf 86' lang='lat' dir='ltr'>tandem</span> <span class='ocrx_word' id='word_1_311' title='bbox 996 4710 1257 4795; x_wconf 75' lang='lat' dir='ltr'>probabilitatem</span> <span class='ocrx_word' id='word_1_312' title='bbox 1273 4706 1392 4776; x_wconf 90' lang='lat' dir='ltr'>babere</span> <span class='ocrx_word' id='word_1_313' title='bbox 1406 4710 1542 4779; x_wconf 86' lang='lat' dir='ltr'>dicimus</span> <span class='ocrx_word' id='word_1_314' title='bbox 1557 4712 1640 4777; x_wconf 84' lang='lat' dir='ltr'>hanc</span> 
     </span>
     <span class='ocr_line' id='line_1_35' title="bbox 408 4810 1638 4903; baseline 0.002 -20"><span class='ocrx_word' id='word_1_315' title='bbox 408 4818 597 4885; x_wconf 90' lang='lat' dir='ltr'>emendandi</span> <span class='ocrx_word' id='word_1_316' title='bbox 621 4818 800 4884; x_wconf 77' lang='lat' dir='ltr'>rationem?</span> <span class='ocrx_word' id='word_1_317' title='bbox 822 4822 860 4882; x_wconf 93' lang='lat' dir='ltr'>ut</span> <span class='ocrx_word' id='word_1_318' title='bbox 882 4817 1063 4902; x_wconf 85' lang='lat' dir='ltr'>mittamus,</span> <span class='ocrx_word' id='word_1_319' title='bbox 1088 4840 1129 4883; x_wconf 90' lang='lat' dir='ltr'>ne</span> <span class='ocrx_word' id='word_1_320' title='bbox 1148 4810 1229 4883; x_wconf 61' lang='lat' dir='ltr'>&#39;satie</span> <span class='ocrx_word' id='word_1_321' title='bbox 1252 4814 1326 4903; x_wconf 88' lang='lat' dir='ltr'>apte</span> <span class='ocrx_word' id='word_1_322' title='bbox 1350 4818 1479 4903; x_wconf 89' lang='lat' dir='ltr'>quidem</span> <span class='ocrx_word' id='word_1_323' title='bbox 1493 4822 1638 4885; x_wconf 81' lang='lat' dir='ltr'>&#39;mortem</span> 
     </span>
     <span class='ocr_line' id='line_1_36' title="bbox 407 4924 1641 5011; baseline -0.001 -21"><span class='ocrx_word' id='word_1_324' title='bbox 407 4925 471 4991; x_wconf 89' lang='lat' dir='ltr'>dici</span> <span class='ocrx_word' id='word_1_325' title='bbox 499 4948 568 4991; x_wconf 88' lang='lat' dir='ltr'>esse</span> <span class='ocrx_word' id='word_1_326' title='bbox 595 4926 832 5011; x_wconf 71' lang='lat' dir='ltr'>receptaculum</span> <span class='ocrx_word' id='word_1_327' title='bbox 860 4924 942 4989; x_wconf 90' lang='lat' dir='ltr'>nihil</span> <span class='ocrx_word' id='word_1_328' title='bbox 968 4924 1142 5009; x_wconf 80' lang='lat' dir='ltr'>sentiendi3</span> <span class='ocrx_word' id='word_1_329' title='bbox 1174 4929 1258 4990; x_wconf 89' lang='lat' dir='ltr'>certe</span> <span class='ocrx_word' id='word_1_330' title='bbox 1286 4924 1485 5009; x_wconf 86' lang='lat' dir='ltr'>probabilius</span> <span class='ocrx_word' id='word_1_331' title='bbox 1513 4926 1641 4991; x_wconf 83' lang='lat' dir='ltr'>videtur</span> 
     </span>
     <span class='ocr_line' id='line_1_37' title="bbox 406 5020 1641 5118; baseline 0 -21"><span class='ocrx_word' id='word_1_332' title='bbox 406 5020 495 5118; x_wconf 81' lang='lat' dir='ltr'>quod</span> <span class='ocrx_word' id='word_1_333' title='bbox 519 5032 631 5099; x_wconf 91' lang='lat' dir='ltr'>Cicero</span> <span class='ocrx_word' id='word_1_334' title='bbox 659 5032 698 5099; x_wconf 91' lang='lat' dir='ltr'>de</span> <span class='ocrx_word' id='word_1_335' title='bbox 725 5032 922 5101; x_wconf 83' lang='lat' dir='ltr'>divinatione</span> <span class='ocrx_word' id='word_1_336' title='bbox 944 5046 970 5097; x_wconf 82' lang='lat'>11</span> <span class='ocrx_word' id='word_1_337' title='bbox 991 5028 1047 5117; x_wconf 71' lang='lat'>72,</span> <span class='ocrx_word' id='word_1_338' title='bbox 1069 5024 1145 5097; x_wconf 82' lang='lat'>150‘</span> <span class='ocrx_word' id='word_1_339' title='bbox 1158 5034 1206 5097; x_wconf 88' lang='lat' dir='ltr'>ait</span> <span class='ocrx_word' id='word_1_340' title='bbox 1227 5033 1409 5115; x_wconf 73' lang='lat' dir='ltr'>pufupismr</span> <span class='ocrx_word' id='word_1_341' title='bbox 1431 5028 1554 5098; x_wconf 81' lang='lat' dir='ltr'>uidetur</span> <span class='ocrx_word' id='word_1_342' title='bbox 1575 5052 1641 5097; x_wconf 91' lang='lat' dir='ltr'>om·</span> 
     </span>
     <span class='ocr_line' id='line_1_38' title="bbox 407 5136 1639 5223; baseline 0 -18"><span class='ocrx_word' id='word_1_343' title='bbox 407 5142 497 5206; x_wconf 81' lang='lat' dir='ltr'>nium</span> <span class='ocrx_word' id='word_1_344' title='bbox 529 5140 670 5207; x_wconf 81' lang='lat' dir='ltr'>laborum</span> <span class='ocrx_word' id='word_1_345' title='bbox 698 5147 726 5206; x_wconf 84' lang='lat' dir='ltr'>ct</span> <span class='ocrx_word' id='word_1_346' title='bbox 751 5140 998 5207; x_wconf 69' lang='lat' dir='ltr'>soltimmdium</span> <span class='ocrx_word' id='word_1_347' title='bbox 1025 5160 1090 5206; x_wconf 83' lang='lat' dir='ltr'>csse</span> <span class='ocrx_word' id='word_1_348' title='bbox 1116 5158 1243 5205; x_wconf 76' lang='lat' dir='ltr'>summm</span> <span class='ocrx_word' id='word_1_349' title='bbox 1269 5142 1326 5204; x_wconf 87' lang='lat' dir='ltr'>aut</span> <span class='ocrx_word' id='word_1_350' title='bbox 1353 5138 1440 5222; x_wconf 87' lang='lat' dir='ltr'>quod</span> <span class='ocrx_word' id='word_1_351' title='bbox 1467 5136 1552 5205; x_wconf 88' lang='lat' dir='ltr'>idem</span> <span class='ocrx_word' id='word_1_352' title='bbox 1580 5160 1639 5223; x_wconf 87' lang='lat' dir='ltr'>pro</span> 
     </span>
     <span class='ocr_line' id='line_1_39' title="bbox 407 5240 1641 5331; baseline -0.002 -18"><span class='ocrx_word' id='word_1_353' title='bbox 407 5246 532 5313; x_wconf 90' lang='lat' dir='ltr'>Clueut.</span> <span class='ocrx_word' id='word_1_354' title='bbox 547 5248 600 5331; x_wconf 84' lang='lat'>61,</span> <span class='ocrx_word' id='word_1_355' title='bbox 616 5248 678 5313; x_wconf 74' lang='lat'>171</span> <span class='ocrx_word' id='word_1_356' title='bbox 702 5248 775 5313; x_wconf 77' lang='lat' dir='ltr'>bus&#39;c</span> <span class='ocrx_word' id='word_1_357' title='bbox 796 5253 923 5313; x_wconf 59' lang='lat' dir='ltr'>modom</span> <span class='ocrx_word' id='word_1_358' title='bbox 941 5246 1121 5312; x_wconf 75' lang='lat' dir='ltr'>maturabat</span> <span class='ocrx_word' id='word_1_359' title='bbox 1139 5248 1295 5325; x_wconf 75' lang='lat' dir='ltr'>minuce,</span> <span class='ocrx_word' id='word_1_360' title='bbox 1318 5247 1401 5328; x_wconf 81' lang='lat' dir='ltr'>quod</span> <span class='ocrx_word' id='word_1_361' title='bbox 1418 5240 1468 5311; x_wconf 78' lang='lat' dir='ltr'>tlt</span> <span class='ocrx_word' id='word_1_362' title='bbox 1485 5263 1585 5313; x_wconf 76' lang='lat' dir='ltr'>anum</span> <span class='ocrx_word' id='word_1_363' title='bbox 1603 5240 1641 5311; x_wconf 71' lang='lat' dir='ltr'>in</span> 
     </span>
     <span class='ocr_line' id='line_1_40' title="bbox 406 5348 1642 5439; baseline 0 -20"><span class='ocrx_word' id='word_1_364' title='bbox 406 5354 503 5421; x_wconf 80' lang='lat' dir='ltr'>matis</span> <span class='ocrx_word' id='word_1_365' title='bbox 533 5362 601 5421; x_wconf 80' lang='lat' dir='ltr'>erat</span> <span class='ocrx_word' id='word_1_366' title='bbox 616 5357 807 5439; x_wconf 76' lang='lat' dir='ltr'>perfupium</span> <span class='ocrx_word' id='word_1_367' title='bbox 832 5355 1032 5420; x_wconf 69' lang='lat' dir='ltr'>calamitatis.</span> <span class='ocrx_word' id='word_1_368' title='bbox 1075 5352 1136 5419; x_wconf 87' lang='lat' dir='ltr'>Sed</span> <span class='ocrx_word' id='word_1_369' title='bbox 1161 5352 1299 5419; x_wconf 85' lang='lat' dir='ltr'>editores</span> <span class='ocrx_word' id='word_1_370' title='bbox 1323 5348 1497 5439; x_wconf 82' lang='lat' dir='ltr'>gaudentes</span> <span class='ocrx_word' id='word_1_371' title='bbox 1520 5352 1642 5431; x_wconf 72' lang='lat' dir='ltr'>habere</span> 
     </span>
    </p>
   </div>
   <div class='ocr_carea' id='block_1_3' title="bbox 0 0 1968 6675">
    <p class='ocr_par' dir='ltr' id='par_1_3' title="bbox 0 0 1968 6675">
     <span class='ocr_line' id='line_1_41' title="bbox 0 0 1968 6675; baseline 0 0"><span class='ocrx_word' id='word_1_372' title='bbox 0 0 1968 6675; x_wconf 95' lang='lat' dir='ltr'> </span> 
     </span>
    </p>
   </div>
  </div>
 </body>
</html>
