3925 6675
403 1107 469 1172 382
586 1110 645 1161 LII.
666 1110 781 1160 INDEX
800 1109 1013 1161 LEGTIONUM
1032 1108 1272 1160 HIBERNARUM
1293 1106 1459 1176 1900s1901.

404 1271 561 1356 quidquid
584 1274 633 1335 eei
651 1271 808 1335 ubertatis
827 1271 1000 1353 scriptores
1019 1269 1137 1334 decere.
1173 1267 1287 1354 Iioque
1304 1268 1418 1352 Lysiae
1438 1269 1471 1332 in
1491 1267 1637 1332 oratione

403 1379 444 1442 ab
467 1377 634 1442 Athenaeo
661 1382 785 1442 servate
807 1377 863 1441 lib.
882 1394 947 1440 xm
965 1400 995 1462 p.
1015 1377 1108 1442 6110
1132 1376 1246 1440 scribit
1270 1375 1332 1442 οὐκ
1355 1377 1397 1440 άν
1420 1372 1493 1441 ποτ’
1520 1371 1637 1464 ᾠήθην

404 1487 569 1569 Αἰσχίνην
592 1489 783 1568 τολμῆσαι
807 1483 912 1560 οὕτως
930 1485 1071 1568 αλσγράν
1091 1484 1188 1566 δίκην
1208 1481 1420 1566 δικάσασθαι,
1445 1481 1518 1547 dein
1537 1481 1633 1546 612b
1656 1497 1674 1552 7

404 1594 556 1676 οἰόμενος
584 1600 705 1657 τοῦτον
734 1590 935 1674 Σωκράτους
961 1593 1122 1674 γεγονότα
1149 1591 1304 1674 μαθητὴν
1332 1639 1370 1654 ..
1399 1589 1461 1654 οὐκ
1488 1591 1531 1654 ev
1557 1611 1637 1654 ποτε

404 1698 652 1783 ἐπιχειρῆσαι
681 1698 774 1763 οὐδὲ
801 1702 992 1780 τολμῆσαι
1021 1698 1103 1782 άπερ
1132 1698 1168 1763 οἱ
1187 1699 1408 1782 πονηρότατοι
1433 1748 1465 1762 ..
1490 1696 1637 1780 ἐπιχει-

404 1811 520 1889 ροῦσι
547 1805 713 1888 πράττειν.
750 1805 795 1868 Et
822 1826 917 1889 saepe
944 1804 1094 1869 similiter
1116 1803 1224 1881 Plato,
1251 1805 1286 1868 in
1309 1801 1471 1889 Apologia
1495 1801 1637 1868 Soeretie

404 1935 433 1997 p.
454 1913 507 1994 29,
527 1912 570 1977 20
586 1910 676 1976 Sehz.
700 1909 779 1988 ἀξιῶ
803 1911 889 1994 ὑμᾶς
907 1910 1072 1995 ἀλλήλους
1090 1911 1298 1976 διδάσκειν
1317 1933 1355 1975 τε
1374 1909 1437 1974 καὶ
1457 1909 1638 1994 φράζειν,

405 2019 480 2084 ὅσοι
499 2018 581 2100 ἐμοῦ
600 2020 730 2084 ιιώιτοτε
750 2018 910 2102 ἀκηκόατε
928 2017 1182 2102 διαλεγομένου·
1206 2018 1369 2101 φράζετε
1389 2011 1452 2082 οὖν
1471 2015 1638 2099 ἀλλήλοις,

404 2127 434 2190 ελ
460 2127 593 2191 πώποτε
621 2131 704 2205 κτλ,
731 2126 783 2190 vel
810 2126 844 2190 in
872 2126 1065 2192 eontrarium
1092 2128 1216 2210 purtem
1240 2125 1275 2188 in
1297 2123 1443 2190 Phaedro
1467 2147 1498 2208 p.
1520 2124 1575 2206 72,
1593 2122 1637 2187 25

365 2260 390 2299 m
405 2223 477 2298 ολον
502 2232 566 2316 ἐγώ
589 2256 624 2298 τε
646 2231 700 2297 καὶ
721 2235 763 2297 σὺ
785 2230 983 2317 εὐξαίμεθ’
1007 2231 1049 2297 διν
1068 2231 1107 2297 σε’
1123 2255 1157 2298 τε
1176 2229 1231 2297 καὶ
1250 2227 1307 2315 ἐμὲ
1321 2230 1487 2314 γενέσθαι.
1518 2231 1637 2313 Φαιδρ.

404 2340 603 2404 Παντάπασι
622 2339 683 2423 μὲν
697 2335 761 2405 οὖν
774 2336 877 2422 ἔγωγε
896 2340 1091 2423 βούλομαί
1107 2363 1146 2404 τε
1165 2336 1228 2404 καὶ
1244 2339 1409 2424 εὔχομαι
1422 2338 1443 2404 ἃ
1458 2337 1571 2421 λέγεις.
1599 2335 1637 2402 In

405 2445 531 2530 Hippia
545 2449 651 2510 autem
665 2446 790 2510 minore
804 2468 834 2529 p.
844 2446 897 2531 36,
907 2446 950 2510 32
965 2446 1048 2510 ἀλλά
1061 2469 1118 2530 μοι
1131 2456 1235 2528 πειρῶ
1249 2443 1326 2532 πρά
1332 2469 1380 2522 οις
1394 2469 1434 2510 τε
1448 2442 1512 2510 καὶ
1527 2445 1637 2510 εὐκό-

404 2557 477 2628 λως
499 2551 742 2636 ἀποκρίνεσθαι
764 2589 809 2599 -
832 2552 924 2635 37,2
949 2551 1159 2637 ἐρωτώμενος
1180 2553 1225 2635 μὴ
1249 2553 1451 2636 συγγνώμην
1474 2549 1501 2615 τ’
1528 2547 1637 2637 ἔχοιμι

404 2657 459 2723 καὶ
473 2655 603 2744 πράως
619 2657 868 2744 ἀποκρινοίμην.
892 2658 977 2736 Quid
992 2659 1078 2743 quod
1093 2659 1186 2724 Plato
1202 2659 1236 2723 in
1246 2658 1387 2746 Legibus
1403 2681 1497 2743 quem
1511 2681 1542 2744 p.
1553 2659 1584 2744 5,
1594 2659 1639 2724 24

403 2769 580 2850 πόλεμον
602 2767 672 2831 τὸν
690 2763 839 2844 ἔξωθεν
858 2765 1000 2851 appellet
1020 2771 1052 2830 et
1070 2766 1112 2830 33
1132 2769 1224 2844 τοὺς
1243 2765 1392 2844 ἔξωθεν
1410 2767 1639 2852 πολεμίους,

404 2871 540 2937 eundem
563 2873 754 2957 eosdemque
777 2873 874 2958 paulo
898 2877 972 2957 poet
995 2895 1025 2958 p.
1046 2873 1075 2956 λ,
1096 2872 1136 2937 18
1155 2872 1304 2937 uberiore
1326 2875 1471 2938 oratione
1488 2872 1637 2958 πολέμου

403 2979 501 3063 γένος
527 2972 554 3068 ᾧ
577 2983 661 3062 πρὸς
683 2982 775 3056 τοὺς
798 2978 908 3056 ἐκτός
931 3003 971 3044 τε
994 2977 1058 3044 καὶ
1082 2978 1334 3063 ἀλλοφύλους
1357 2981 1514 3064 χρώμεθα
1537 2983 1569 3044 et
1593 2979 1638 3044 30

403 3089 483 3163 τοὺς
509 3088 593 3169 πρὸς
619 3089 680 3152 τὸν
707 3087 872 3152 ὀθνεῖόν
899 3085 1026 3152 τεκαὶ
1049 3083 1199 3165 ἔξωθεν
1221 3090 1394 3171 πόλεμον
1417 3086 1637 3170 γιγνομένους

404 3191 577 3277 ἐπιφανεῖς
600 3194 687 3258 dicit.
724 3192 812 3270 Quae
835 3195 863 3258 ei
885 3215 951 3258 non
975 3197 1051 3258 euni
1073 3193 1297 3278 vituperanda,
1323 3193 1401 3278 quid
1424 3192 1636 3260 iudicabimus

363 3328 391 3369 ιο
406 3300 444 3364 de
467 3299 519 3365 his
543 3322 625 3385 quae
647 3303 682 3367 in
704 3301 885 3386 Republica
905 3302 1059 3388 leguntur
1081 3299 1384 3387 p.254‚15130kk.

567 3409 728 3473 Φαλνεταλ
747 3433 815 3492 μοι,
841 3409 950 3492 ώστιερ
973 3406 1028 3473 καὶ
1051 3408 1243 3492 ὀνομάζεται
1268 3408 1330 3473 δύο
1354 3417 1457 3473 ταῦτα
1480 3407 1636 3493 ὀνόματα,

564 3516 708 3598 πόλεμός
726 3538 761 3580 τε
779 3513 833 3580 καὶ
854 3516 977 3596 στάσις,
997 3515 1084 3581 οὕτω
1103 3513 1158 3580 καὶ
1178 3510 1263 3580 εἶναι
1283 3516 1357 3598 δύο,
1376 3516 1457 3581 ὄντα
1472 3512 1525 3580 ἐπὶ
1539 3516 1637 3581 δυεῖν

563 3631 673 3686 τινοῖν
698 3622 893 3706 διαφοραῖν·
916 3620 1002 3705 λέγω
1026 3618 1063 3687 δὲ
1086 3624 1126 3687 τά
1149 3623 1225 3706 δύο,
1252 3624 1290 3688 τὸ
1314 3622 1375 3707 μεν
1398 3624 1550 3688 οἰκεῖον
1571 3618 1635 3687 καὶ

565 3726 766 3811 ξυγγενές,
789 3729 826 3793 τὸ
851 3729 889 3794 δὲ
907 3729 1119 3813 ἀλλότριον
1137 3727 1201 3794 καὶ
1221 3729 1397 3795 ὀθνεῖον·
1422 3726 1475 3794 ἐπὶ
1494 3726 1555 3813 μὲν
1574 3726 1636 3795 οὖν

563 3844 603 3920 τῇ
631 3844 700 3901 τοῦ
728 3838 880 3902 οἰκείου
906 3833 1014 3924 ἔχθρᾳ
1043 3838 1157 3913 στάσις
1179 3835 1347 3920 κέκληται,
1374 3834 1429 3901 ἐστὶ
1453 3832 1489 3902 δὲ
1512 3847 1551 3923 τῇ
1575 3844 1636 3901 τοῦ

564 3942 779 4028 ἀλλοτρίου
810 3946 1038 4027 πόλεμος
1064 3944 1153 4027 Φημὶ
1185 3944 1247 4027 γάρ
1280 3944 1318 4009 τὸ
1350 3938 1411 4024 μὲν
1441 3941 1636 4027 Ἑλληνικὸν

564 4048 660 4132 γένος
690 4050 771 4115 αὐτὸ
799 4050 888 4137 αὑτῷ
912 4052 1065 4116 οἰκεῖον
1092 4041 1177 4113 εἶναι
1205 4047 1271 4113 καλ
1300 4049 1502 4133 ξυγγενές,
1529 4058 1574 4138 τῷ
1597 4050 1636 4115 δὲ

563 4160 754 4245 βαρβαρικῷ
773 4156 939 4222 ὀθνεῖόν
960 4178 1000 4221 τε
1023 4155 1087 4221 καὶ
1110 4156 1330 4241 ἀλλότριον.

403 4261 491 4338 Quae
519 4264 614 4328 nobie
641 4265 723 4329 mire
749 4286 818 4329 eeee
846 4265 1006 4350 elegantia
1034 4264 1191 4329 sermonis
1221 4264 1348 4329 videtur
1375 4268 1407 4329 ot
1430 4262 1566 4329 Plutone
1588 4263 1635 4329 in·

363 4395 389 4436 οο
403 4370 516 4453 primie
540 4370 647 4456 digne,
670 4370 726 4455 qui
749 4370 859 4435 nativo
881 4370 1030 4435 libertato
1053 4374 1085 4435 ei
1109 4369 1239 4455 copulat
1263 4376 1407 4457 eogneiu,
1431 4370 1482 4435 vol
1504 4369 1568 4437 hoo
1586 4393 1635 4436 or-

403 4475 477 4540 dine
503 4476 556 4541 vel
582 4475 654 4559 illo,
681 4481 714 4541 et
739 4498 779 4541 ex
802 4478 949 4563 cognatis
970 4476 1075 4541 utitur
1098 4476 1200 4541 altero
1223 4477 1263 4541 ed
1287 4498 1360 4541 eum
1383 4476 1515 4543 modum
1538 4498 1635 4561 quem

403 4581 559 4665 exemplis
572 4581 730 4667 pluribus,
747 4587 912 4667 postremo
926 4584 1049 4669 Legum
1064 4582 1170 4649 verbis
1185 4583 1423 4649 deelaravimus.
1462 4582 1525 4649 Sed
1538 4586 1636 4671 longe

403 4688 496 4752 aliter
518 4688 662 4753 iudicans
680 4688 876 4754 Hmimanue
897 4689 932 4755 in
949 4689 1107 4755 Emblem.
1131 4712 1161 4775 p.
1184 4690 1247 4755 110
1265 4692 1344 4757 haee
1362 4692 1409 4757 ito
1427 4690 1636 4757 describendo

404 4796 528 4859 curavit

564 4901 649 4985 λε’γιο
682 4904 719 4969 δὲ
750 4906 790 4969 τά
818 4904 882 4969 δύο
910 4905 947 4969 τὸ
974 4900 1037 4989 μὲν
1064 4906 1188 4971 οἰκεῖον
1217 4904 1286 4989 [καὶ
1314 4903 1500 4991 ξυγγενές],
1532 4908 1569 4971 τὸ
1597 4902 1635 4971 δὲ

564 5009 757 5096 [ἀλλότριον
779 5010 848 5096 καλ]
872 5011 1011 5077 ὀθνεῖον
1124 5014 1249 5078 οἰκεῖον
1273 5006 1358 5077 εἶναι
1378 5012 1445 5093 [καὶ
1464 5010 1634 5097 ξυγγενές]

563 5167 625 5183 ...
648 5117 787 5184 ὀδνεῑον
810 5118 859 5203 [τε
882 5116 937 5183 καλ
960 5117 1151 5203 ἀλλότριον]

403 5224 548 5289 eubieete
569 5227 708 5290 ratione:
730 5226 809 5306 quid
824 5226 953 5309 prodest
968 5226 1225 5293 reconditorum
1242 5228 1290 5291 uti
1308 5224 1463 5292 eomodo
1479 5227 1510 5293 εἰ
1527 5226 1635 5291 doum

403 5332 490 5397 ader
515 5333 570 5415 poi
592 5332 693 5397 addet
714 5330 883 5414 vulparia?
914 5330 960 5396 ut
981 5336 1032 5396 est
1055 5334 1200 5417 profecto
1224 5333 1310 5417 quod
1334 5332 1530 5399 admiremur
1552 5332 1636 5397 hene
