3925 6675
759 1115 810 1164 DE
828 1114 1004 1165 VERSIBUS
1021 1115 1203 1165 ENNIANIS.
1558 1113 1599 1177 41

361 1280 636 1342 turamvocatns
664 1280 722 1340 est.
764 1273 866 1350 Quam
894 1275 950 1339 ille
979 1275 1146 1358 repudiare
1175 1276 1282 1359 coepit
1310 1295 1382 1339 cum
1410 1276 1457 1341 ita
1482 1276 1603 1341 diceret

361 1380 475 1446 ‘Hunc
507 1404 570 1468 ego
602 1382 743 1468 agellum
775 1384 803 1445 si
836 1382 1016 1465 relinquere
1048 1381 1162 1446 vallem
1190 1382 1362 1465 incultum,
1393 1383 1479 1448 unde
1506 1383 1604 1449 nobis

360 1490 491 1553 fructus
519 1493 552 1552 et
579 1491 665 1553 vitae
690 1491 884 1574 propagatio
912 1488 1027 1554 foret?
1063 1487 1116 1555 Sic
1144 1490 1270 1553 demum
1299 1490 1453 1555 orationis
1480 1491 1603 1556 formae

361 1597 445 1660 sads
469 1595 541 1659 fieri
565 1595 700 1660 videtur.
736 1595 775 1660 ln
799 1618 862 1679 qua
885 1596 1070 1660 suscitanda
1093 1596 1251 1660 sententia
1270 1619 1342 1662 cum
1361 1597 1454 1662 Livio
1474 1601 1604 1662 auctore

362 1703 414 1767 uti
436 1724 506 1767 non
529 1701 635 1786 liceat,
657 1724 698 1766 ne
721 1725 826 1768 merae
845 1703 988 1789 fingendi
1006 1702 1135 1768 libidini
1152 1703 1385 1789 indulgeamus,
1408 1704 1448 1767 ad
1467 1705 1603 1768 alterum

362 1810 575 1896 confugimus
598 1815 761 1874 auctorem
778 1809 872 1874 Livio
894 1832 959 1874 non
978 1810 1178 1874 deteriorem.
1215 1809 1391 1894 Dionysius
1409 1811 1495 1875 enim
1513 1809 1603 1874 Hali-

362 1917 585 1980 oamassensis
604 1938 676 1980 cnm
694 1916 838 1981 fabulam
858 1918 896 1982 da
911 1915 1102 1982 Cincinnato
1121 1917 1277 1983 dictatore
1295 1918 1416 1981 rustico
1431 1917 1464 1981 in
1479 1939 1617 1981 summa¹

363 2023 411 2087 rei
445 2045 522 2089 cum
550 2022 643 2087 Livio
677 2025 866 2108 conspirans
893 2025 1012 2088 referat
1039 2041 1063 2088 x
1087 2025 1130 2088 24
1153 2047 1183 2108 p.
1207 2025 1248 2087 37
1263 2023 1302 2088 K.
1330 2023 1410 2089 haec
1436 2023 1536 2088 tradit
1563 2023 1603 2088 de

364 2129 520 2205 Quinctio
548 2129 567 2194 ὁ
595 2126 631 2194 δὲ
654 2129 775 2214 μαθὼν
798 2131 850 2195 ὄτι
872 2133 1035 2215 δικτάτωρ
1059 2130 1289 2196 ἀποδέδεικται
1312 2140 1369 2214 τῆς
1391 2134 1518 2207 πόλεως
1541 2131 1602 2215 οὐχ

366 2237 457 2313 ὅπως
488 2238 638 2320 ἠγάπησε
671 2238 868 2320 τηλικαύτης
895 2248 990 2322 τιμῆς
1017 2239 1141 2322 τυχών,
1174 2237 1256 2302 ἀλλὰ
1286 2241 1603 2321 προσαχαναιιτήσοις
1617 2262 1645 2302 ιο

365 2336 472 2408 εἶπεν·
496 2341 719 2408 Ἀπολείτοιι
747 2347 819 2426 ἄρα
847 2343 910 2408 καὶ
938 2346 1082 2410 τούτου
1109 2353 1178 2409 τοῦ
1206 2343 1392 2408 ἐνιαυτοῦ
1416 2343 1433 2408 ὁ
1457 2345 1603 2426 καρπὸς

366 2451 431 2515 διὰ
464 2453 533 2526 τὰς
560 2447 655 2531 ἐμὰς
682 2449 885 2535 ἀσχολίας,
916 2453 981 2516 καί
1009 2455 1249 2535 πεινήσομεν
1276 2451 1444 2526 ἅπαντες
1471 2462 1602 2527 κακῶς.

368 2555 455 2633 Quae
489 2563 567 2620 sunt
599 2579 676 2621 sane
707 2559 799 2622 valde
832 2558 952 2622 similia
982 2557 1089 2623 verbis
1119 2557 1284 2623 Ennianis.
1335 2557 1437 2641 Atqui
1470 2560 1498 2622 si
1531 2560 1602 2641 quie

369 2670 513 2746 quaerat,
542 2664 621 2747 qnid
649 2663 826 2748 Dionysius
855 2665 895 2729 ad
921 2664 1077 2747 Ennium,
1105 2664 1187 2729 nihil
1215 2686 1304 2748 sane,
1331 2664 1603 2748 respondebimus,

369 2771 428 2834 nisi
453 2771 542 2855 quod
567 2792 649 2854 quaa
672 2770 848 2856 Dionysius
873 2770 1059 2847 Quinctium
1083 2773 1226 2836 locutum
1249 2773 1353 2857 fingit,
1376 2772 1415 2835 iis
1440 2772 1604 2855 comparia

371 2878 502 2941 eundem
535 2878 623 2962 apud
650 2877 792 2942 Ennium
825 2877 916 2962 loqui
948 2878 1093 2962 potuisse
1123 2879 1311 2943 incredibile
1339 2899 1404 2941 non
1432 2883 1488 2942 est.
1539 2876 1602 2942 Sed

375 2983 559 3068 Dionysiae,
587 2991 624 3049 nt
650 3007 762 3050 rursus
786 2986 880 3069 copia
902 2985 1006 3072 magis
1028 3007 1134 3049 rerum
1158 3007 1254 3068 quam
1277 2986 1388 3068 inopia
1410 2985 1603 3069 laboremus,

375 3092 500 3156 alteram
526 3114 593 3156 non
617 3092 804 3157 dissimilem
829 3092 864 3156 in
887 3092 998 3156 eodem
1024 3090 1213 3157 Cincinnato
1237 3092 1403 3156 Ennianae
1427 3091 1602 3156 sententiae

378 3199 569 3264 occasionem
595 3201 695 3264 affert
737 3197 838 3275 Quem
861 3198 1027 3264 consulem
1051 3204 1255 3285 surrogatum
1278 3200 1389 3283 paucis
1413 3199 1505 3262 annis
1528 3203 1603 3263 ante

380 3327 400 3368 a
416 3329 444 3370 u.
462 3307 529 3371 294
557 3309 635 3371 item
663 3306 704 3371 ab
733 3328 829 3392 opere
852 3308 974 3371 rustico
998 3308 1186 3372 arcessitum
1209 3310 1332 3390 narrat,
1359 3306 1451 3371 ouius
1474 3305 1602 3372 fabulae
1616 3331 1644 3373 ιο

382 3412 497 3479 aLivio
521 3413 649 3501 (11119)
671 3414 916 3498 praetermissae
938 3413 1114 3497 Dionysius
1138 3415 1235 3477 etiam
1259 3418 1371 3497 postea
1394 3436 1516 3479 memor
1534 3418 1603 3478 erat

384 3539 443 3584 cum
465 3519 692 3585 Cincinnatum
720 3521 908 3585 dictatorem
931 3522 978 3585 ita
1000 3520 1246 3604 respondentem
1269 3520 1408 3584 faciebat
1431 3520 1601 3585 nicolettus
1707 3580 1712 3591 ,

386 3625 436 3707 ι”ρν
459 3629 523 3692 καί
550 3628 673 3693 τούτου
700 3637 761 3693 τοῦ
790 3627 946 3693 ἐνιαυτοῦ
974 3627 992 3692 ὁ
1015 3630 1149 3712 καρπός.
1192 3626 1254 3692 Sed
1278 3628 1317 3691 de
1340 3627 1471 3692 consule
1494 3633 1602 3692 creato

387 3728 451 3797 haec
471 3734 585 3799 scribit
602 3751 626 3797 x
642 3734 682 3799 l'l
698 3756 728 3817 p.
744 3733 785 3797 27
797 3734 836 3798 Κ.
931 3736 951 3817 ἡ
974 3736 1080 3817 βουλὴ
1105 3730 1141 3799 db
1165 3731 1286 3817 ἔπεμπε
1310 3738 1389 3810 τοὺς
1410 3739 1602 3817 παραληψο-

388 3838 490 3915 μένους
516 3842 577 3905 τὸν
604 3840 733 3906 ῧιιοιτον
760 3843 815 3906 καί
843 3840 980 3918 ἄξοντας
1008 3839 1061 3905 εἰιὶ
1089 3842 1151 3925 τὴν
1178 3841 1291 3924 ἀρχήν.
1332 3837 1426 3923 ἔτυχε
1455 3837 1492 3905 δὲ
1515 3865 1602 3923 τηνι-

388 3954 473 4011 καῦτα
494 3947 512 4012 b
537 3950 696 4024 Κοίντιος
718 3949 868 4032 ἄρουροίν
890 3972 965 4012 τινα
988 3947 1253 4030 ὑπερχαζόμενος
1275 3949 1322 4022 είς
1340 3947 1480 4030 σποράν,
1502 3946 1603 4022 αὐτὸς

389 4047 569 4119 ἀκολουθῶν
591 4064 662 4130 τοῖς
685 4058 833 4139 σχίζουσι
857 4056 918 4137 τὴν
937 4056 1029 4119 νειὸν
1047 4055 1190 4135 βοιδίοις
1209 4053 1340 4136 ἀχίτων,
1362 4053 1602 4136 περιζωμοίτιον

389 4150 455 4237 ἒχων
480 4160 534 4225 καὶ
563 4159 618 4226 ἐπὶ
645 4170 684 4246 τῇ
712 4165 839 4246 κεφαλῇ
867 4165 975 4225 πῖλον.
1014 4162 1097 4225 tcta
1124 4156 1161 4224 dl
1186 4166 1317 4242 πλῆθος
1339 4159 1531 4243 ἀνθρώπων
1554 4160 1602 4234 εἰς

389 4263 417 4325 τὸ
435 4270 553 4352 χωρίον
576 4269 749 4333 εἰσιόντων
771 4270 809 4332 τό
833 4290 867 4331 τε
891 4269 1035 4352 ἄροτρον
1058 4266 1172 4351 ἐπέσχε
1192 4265 1247 4330 καὶ
1266 4269 1374 4331 πολὺν
1393 4266 1508 4349 ίρτόρει
1527 4268 1601 4349 χρό-

390 4391 449 4455 νον,
477 4374 597 4451 οἵτινές
624 4397 659 4439 τε
687 4367 754 4439 εἷεν
782 4373 836 4438 καὶ
864 4377 955 4450 τίνος
982 4375 1134 4458 διόμενοι
1161 4375 1245 4459 πρὸς
1273 4375 1375 4438 αὐτὸν
1402 4373 1516 4455 ἥκοιεν
1539 4423 1547 4437 .
1567 4424 1573 4436 .
1593 4398 1644 4439 ,ιο

390 4475 559 4555 ἠσπάσαντο
582 4504 617 4545 τε
641 4482 783 4557 ἅπαντες
806 4481 867 4545 οὐκ
890 4480 926 4546 ἐκ
949 4490 1009 4545 τοῦ
1033 4482 1195 4562 ὀνόματος
1218 4479 1301 4545 ἀλλὰ
1323 4480 1452 4544 ὕπατον
1475 4481 1529 4544 καὶ

389 4581 571 4654 ἀκολουθεῖν
599 4591 646 4664 εἰς
673 4589 735 4671 τὴν
760 4591 861 4653 πόλιν
887 4589 1013 4671 ἠξίουν.
1053 4588 1236 4664 κάκεῖνος
1262 4588 1404 4670 μικρὸν
1432 4585 1603 4671 ἐπισχὼν

389 4690 440 4755 καὶ
468 4695 738 4779 διαδακρύσας
769 4704 962 4760 τοσοῦτον
990 4687 1112 4759 εἶπεν·
1137 4692 1332 4777 ’Ἀσπορον
1364 4696 1438 4777 ἄρα
1465 4718 1531 4777 μοι
1559 4695 1602 4757 τὸ

389 4802 514 4883 χωρίον
545 4798 657 4866 ἔσται
688 4811 833 4867 τοῦτον
865 4803 933 4865 τὸν
960 4802 1161 4880 ἐνιαυτόν,
1193 4799 1257 4864 uoci
1285 4801 1604 4883 κινδυνεύσομεν

389 4904 446 4988 οὐχ
471 4906 574 4986 ἕξειν
600 4910 728 4973 πόθεν
756 4909 1043 4992 ὃιατροιφῶμεν.
1084 4906 1198 4991 Itaque
1226 4908 1317 4992 optio
1346 4910 1395 4971 est
1421 4906 1603 4971 Ennianam

390 5014 548 5078 orationem
572 5015 697 5079 consuli
720 5016 856 5079 volimus
875 5037 916 5079 an
935 5016 1084 5079 dictatori
1103 5015 1256 5079 tribuere:
1279 5036 1355 5079 nam
1373 5037 1393 5078 a
1412 5012 1605 5078 Cincinnato

390 5120 502 5186 omnino
530 5127 568 5185 ut
595 5127 782 5208 segregetur
803 5143 867 5185 non
891 5122 1036 5185 videmus
1061 5122 1139 5205 quid
1162 5121 1301 5185 suadeat.
1344 5120 1432 5196 Quae
1455 5120 1539 5183 enirn
1564 5120 1605 5182 de

391 5216 498 5310 Regulo
517 5228 637 5293 similia
654 5229 809 5308 feruntur,
832 5230 865 5291 in
884 5228 933 5313 iis,
956 5230 1019 5293 nisi
1040 5228 1117 5312 quid
1135 5250 1195 5293 nos
1214 5229 1308 5314 fugit,
1330 5228 1414 5291 nihil
1432 5231 1490 5312 est,
1515 5224 1603 5309 quod

392 5333 505 5414 propius
524 5336 564 5399 ad
578 5334 743 5400 Ennianus
763 5335 940 5401 sententiae
957 5336 1097 5400 colorem
1111 5336 1249 5401 accedat.
1287 5334 1500 5411 Quamobrem
1516 5333 1605 5396 hunc
