3925 6675
510 1108 561 1160 DE
579 1108 750 1161 scnonlls
768 1110 807 1160 IN
826 1109 1062 1162 ARISTOTELIS
1080 1109 1325 1161 RHETORICAM.
1471 1107 1535 1171 467

291 1267 404 1334 Schol.
427 1269 567 1353 178,19
601 1273 637 1335 εἰ
659 1269 677 1335 δ
696 1267 893 1355 Ἀρχίδαμος
915 1267 1003 1335 ἔοικε
1027 1278 1071 1358 τῷ
1091 1268 1241 1359 Εὐξείνῳ
1263 1271 1307 1354 μὴ
1331 1272 1434 1336 είδότι
1457 1295 1537 1354 γεω-

455 1387 601 1461 μετρεῖν,
637 1378 756 1442 λοιιιὸν
779 1379 843 1461 ἀρα
865 1378 919 1442 καὶ
944 1377 962 1443 δ
986 1376 1146 1454 Εὔξεινος
1169 1380 1255 1442 ἔοικε
1278 1385 1323 1465 τῷ
1337 1376 1536 1465 Ἀρχιδάμῳ·

458 1482 705 1568 ἀγεωμέτρητος
728 1485 791 1569 ἀρα
815 1488 882 1550 κτλ.

289 1586 487 1673 Explicatur
510 1589 589 1674 quid
612 1591 656 1656 sit
679 1588 717 1656 ἐν
740 1598 785 1678 τῷ
807 1590 985 1675 ἀνάλογον,
1009 1595 1041 1655 et
1064 1590 1141 1656 haec
1164 1613 1292 1675 quoque
1311 1591 1539 1656 adnotamenta

290 1696 385 1761 nullo
408 1695 559 1762 lemmate
583 1697 778 1783 interposito
803 1699 882 1784 ipsis
907 1698 1095 1763 Aristotelis
1118 1698 1224 1762 verbis
1249 1698 1459 1783 applicantur.

351 1803 373 1867 b
389 1801 434 1868 32
453 1803 509 1869 καὶ
529 1805 566 1868 τὸ
586 1802 624 1870 ἐν
643 1814 682 1890 τῇ
702 1809 855 1891 πολιτείᾳ
873 1815 912 1891 τῇ
928 1806 1120 1888 Πλάτωνος,
1140 1805 1191 1870 ὅτι
1211 1807 1246 1870 ol
1261 1808 1340 1883 τοὺς
1353 1812 1540 1883 τεθνεῶτας

458 1911 679 1988 σκυλεύοντες
702 1909 830 1977 ἐοίκασι
853 1924 923 1989 τοῖς
948 1913 1113 1989 κυνιδίοις
1138 1912 1157 1976 ἃ
1182 1915 1259 1989 τοὺς
1283 1915 1403 1988 λίθους
1424 1913 1538 1977 δάκνει

457 2026 518 2082 τοῦ
541 2016 726 2099 βάλλοντος
749 2020 810 2102 ούχ
834 2018 1010 2103 ἁπτόμενα.

291 2119 561 2206 81101178,22
585 2124 647 2190 ὅτι
672 2127 704 2190 ol
730 2124 884 2210 δέροντες
907 2128 987 2202 τοὺς
1010 2133 1194 2203 τεθνεῶτας
1214 2127 1269 2191 διά
1288 2127 1325 2190 τὸ
1344 2125 1538 2206 ἀμύνασθαι

456 2230 579 2307 αὐτοὺς
606 2230 735 2297 ἐοίκασι
764 2244 835 2310 τοῖς
858 2234 1024 2309 κυνιδίοις
1047 2231 1068 2297 ἀ
1091 2244 1158 2297 τῶν
1181 2229 1243 2318 μὲν
1266 2231 1435 2318 ἀφιέντων
1458 2236 1536 2308 τοὺς
1550 2259 1577 2299 ιο

455 2339 577 2414 λίθους
605 2338 666 2423 οὐχ
696 2340 872 2422 ἅπτονται,
902 2339 1065 2404 δάκνουσι
1090 2339 1127 2404 δὲ
1149 2342 1228 2416 τοὺς
1251 2342 1384 2417 λίθους·
1415 2344 1536 2419 ζῶντας

456 2444 519 2528 γὰρ
544 2441 614 2510 ἔδει
636 2447 777 2523 τούτους
801 2446 1003 2530 ἀμύνασθαι.

289 2548 433 2615 Dubites
452 2551 672 2636 inspexeritne
691 2554 851 2638 interpres
869 2552 1038 2618 Platonem
1058 2552 1111 2640 (de
1131 2575 1165 2618 re
1184 2577 1214 2637 p.
1233 2554 1299 2619 469
1310 2552 1354 2641 (1),
1376 2554 1431 2619 sed
1450 2559 1535 2619 certe

293 2657 416 2723 omisso
445 2662 576 2723 auctore
604 2662 731 2724 tantum
760 2661 855 2725 affert
883 2665 1040 2744 qnantum
1069 2683 1108 2724 ex
1136 2659 1314 2726 rhetoricae
1339 2661 1446 2726 verbis
1468 2663 1535 2745 peti

291 2766 429 2847 poterat,
452 2764 576 2848 quibus
599 2765 680 2830 haec
702 2789 761 2851 per
786 2769 836 2833 ὅτι
861 2768 1084 2833 adnectuntur.

383 2869 574 2955 Sequuntur
599 2872 663 2938 duo
687 2873 830 2938 eiusdem
853 2873 1000 2939 Platonis
1024 2874 1155 2939 similia:

324 2976 433 3067 ‚b34
455 2977 510 3043 καὶ
534 2981 554 3062 ἡ
578 2981 626 3057 εἰς
649 2981 709 3045 τὸν
727 2982 835 3065 δῆμον
854 2980 934 3068 (488
948 2978 991 3068 a),
1015 2981 1065 3046 ὅτι
1085 2983 1199 3066 ὅμοιος
1217 2982 1392 3068 ναυκλήρῳ
1413 2983 1537 3068 ἰσχυρῷ

454 3081 516 3169 μὲν
535 3085 707 3176 ύποκώφῳ
727 3087 773 3152 δι’.
792 3086 846 3153 καὶ
866 3088 886 3171 ἡ
906 3090 954 3165 είς
972 3089 1012 3153 τά
1032 3087 1133 3170 μίτρα
1152 3099 1219 3152 τῶν
1237 3098 1384 3171 ποιητῶν
1398 3087 1476 3173 (601
1489 3086 1534 3173 b),

456 3193 506 3257 ότι
529 3188 617 3258 ἔοικε
640 3206 710 3270 τοῖς
729 3197 812 3260 ἀνευ
830 3196 975 3271 κάλλους
995 3195 1146 3279 ὡραίοις·
1170 3196 1205 3259 οί
1221 3191 1282 3279 μὲν
1300 3196 1363 3278 γάρ
1382 3194 1533 3278 ἀπανθή-

455 3302 647 3385 σαντες,τά
671 3298 706 3367 δὲ
731 3301 937 3368 διαλυθέντα
962 3301 1023 3388 οὐχ
1047 3302 1144 3384 ὅμοια
1167 3305 1330 3386 φαίνεται.
1546 3326 1573 3368 ιο

300 3401 441 3479 Quomm
469 3407 510 3472 ad
531 3408 622 3493 prius
645 3408 725 3474 haec
746 3409 868 3475 habent
892 3408 990 3474 schol.
1018 3410 1095 3493 178,
1119 3410 1162 3473 25
1190 3410 1244 3474 καὶ
1267 3410 1287 3492 ἡ
1311 3410 1410 3473 εἰκὼν
1432 3409 1452 3491 ἡ
1477 3408 1532 3491 ῥη-

454 3520 554 3580 θεῖσα
582 3517 630 3592 είς
662 3517 721 3581 τὸν
749 3518 856 3601 δῆμον
882 3518 986 3597 παρὰ
1013 3526 1082 3581 τοῦ
1111 3515 1413 3600 Δημοσθένους,
1441 3515 1490 3580 ὅτι
1515 3514 1532 3580 ὁ

455 3621 559 3705 δῆμος
582 3619 671 3689 ἔοικε
694 3625 872 3711 ναυκλήρῳ
897 3626 1022 3711 ἰσχυρῷ
1043 3624 1104 3707 μὲν
1127 3624 1174 3699 είς
1197 3625 1234 3688 τὸ
1258 3623 1532 3707 ἀποκρούσασθαι

454 3729 494 3792 τά
523 3727 748 3814 ἐπιφερόμενα
775 3732 920 3815 κύματα,
948 3737 1051 3818 κωφῷ
1076 3729 1125 3795 δέ·
1149 3728 1204 3795 καὶ
1229 3730 1246 3794 ὁ
1270 3731 1373 3813 δῆμος
1398 3730 1533 3813 ἰσχυρὸς

454 3832 516 3918 μέν
538 3832 630 3901 ἐστιν
654 3838 702 3914 εἰς
725 3838 762 3901 τὸ
787 3836 1064 3919 ἀποκρούσασθαι
1088 3840 1167 3913 τοὺς
1188 3835 1243 3901 καὶ
1266 3838 1306 3901 τὰ
1329 3846 1387 3919 τῆς
1405 3838 1532 3911 πόλεως

287 3934 303 3988 ⁸
456 3942 815 4028 καταλυμαινομίνους,
834 3944 896 4008 οὐκ
915 3942 1029 4008 ἀκούει
1048 3939 1085 4008 δὲ
1104 3943 1171 4008 τῶν
1191 3946 1357 4025 λεγόντων
1376 3940 1430 4006 καὶ
1451 3958 1531 4022 συμ-

455 4051 690 4142 βουλευόντων
713 4051 753 4115 τίι
779 4054 934 4133 λυσιτελῆ
958 4048 1014 4115 καὶ
1037 4060 1106 4126 πῶς
1129 4052 1181 4115 δεῖ
1203 4058 1306 4113 ταῦτα
1328 4059 1472 4131 ποιῆσαι.

318 4139 393 4217 Quod
418 4153 652 4222 Demosthenes
686 4157 816 4240 dicitur,
849 4156 890 4220 ad
923 4156 1097 4222 deteriores
1126 4156 1280 4241 quosdam
1308 4155 1433 4221 codices
1461 4154 1532 4218 rhe-

315 4247 415 4325 l⁰rime
441 4262 539 4349 redit,
510 4264 601 4328 tin
632 4264 749 4349 quibus
779 4264 880 4348 script
881 4285 936 4327 um
966 4264 1060 4327 est‘
1043 4288 1087 4340 ως
1115 4263 1132 4329 ὁ
1156 4261 1378 4347 Δημοσθενης
1401 4264 1500 4338 εἰς
1471 4286 1531 4326 του

311 4349 404 4438 δῆμον
425 4316 616 4456 (Roenierus
646 4367 759 4456 errat3)
788 4392 870 4455 quae
896 4371 1049 4437 ridentur
1074 4391 1141 4435 non
1164 4370 1233 4434 sine
1256 4368 1416 4454 exemp10,
1444 4368 1530 4453 quod
1544 4394 1571 4436 ιο

305 4450 383 4529 infra
402 4479 554 4561 sequitur,
577 4476 806 4543 Demosthenis
831 4483 902 4544 orta
925 4500 1003 4543 esse,
1042 4475 1099 4542 Cet
1085 4482 1189 4542 terum
1209 4475 1319 4541 Aristo
1321 4476 1400 4541 teles
1422 4476 1531 4540 attulit

299 4572 381 4638 i¹¹⁰d
409 4586 485 4648 satis
509 4589 594 4649 esset
617 4585 839 4650 notissimae
830 4586 982 4672 imaginis
1006 4582 1192 4649 Platonicae
1215 4583 1393 4648 admonere.
1429 4581 1467 4646 In
1470 4586 1531 4647 ter-

289 4677 367 4739 P¹0⁸
394 4695 500 4756 autem
529 4712 590 4756 nec
612 4690 863 4756 Demosthenem
887 4713 946 4755 nec
968 4690 1138 4755 Platonem
1162 4691 1254 4775 adiit,
1283 4690 1338 4755 sed
1362 4712 1401 4754 ex
1424 4689 1530 4754 verbis

281 4760 505 4881 Annioteliie,
534 4820 616 4883 quae
640 4821 727 4863 mera
751 4798 972 4863 circumitione
996 4798 1115 4882 reddit,
1088 4797 1329 4862 tsententiam
1354 4797 1531 4880 exsculpsit

274 4850 505 4969 '‘lmOdnm
485 4906 637 4989 ineptam

365 5003 530 5078 Alterum
554 5011 696 5078 eiusdem
719 5011 793 5077 Plat
779 5014 865 5077 tonis
889 5011 1030 5077 simile
1013 5036 1033 5094 η
1053 5014 1099 5088 εἰς
1118 5013 1157 5077 τά
1175 5011 1278 5096 μέτρα
1297 5023 1364 5075 τῶν
1382 5021 1530 5093 ποιητῶν

302 5101 494 5203 letOteles,
517 5141 582 5203 quo
606 5120 710 5205 magis
734 5120 783 5184 vis
807 5119 1057 5203 comparationis
1081 5122 1258 5203 appareret,
1281 5116 1468 5201 explicuit
1459 5137 1528 5199 ipse

247 5189 393 5283 νειὸς,
421 5228 458 5293 os
478 5223 541 5312 μὲν
564 5227 628 5313 γὰρ
648 5226 904 5311 &ueneficam
922 5232 989 5291 κτλ.
1028 5225 1151 5302 Quibus
1171 5247 1252 5310 quae
1271 5226 1305 5289 in
1324 5222 1455 5287 scholiis
1475 5222 1528 5285 ad·

244 5293 410 5399 ‘enm-n
432 5338 509 5400 sunt

1254 5437 1310 5489 30*
