3925 6675
420 1161 487 1228 2‘14
629 1165 740 1216 XLVH.
759 1165 874 1216 INDEX
893 1165 1107 1217 LEOHONUM
1125 1165 1356 1218 AESTIVARUM
1377 1168 1453 1218 1898.

418 1348 513 1410 posse
541 1326 627 1409 quod
655 1325 720 1390 illis
743 1325 878 1390 addatur
900 1330 1008 1411 putat,
1036 1327 1127 1410 quasi
1152 1327 1237 1392 dieat
1260 1331 1449 1410 personatus
1472 1325 1583 1392 Nicias
1606 1327 1651 1411 μᾶ

419 1435 479 1499 τὸν
492 1431 642 1498 Ἀπόλλω
661 1431 725 1515 ἐγὼ
744 1430 806 1517 μὲν
824 1433 866 1498 οὐ
884 1443 1060 1518 μαχοῦμαι.
1094 1431 1157 1498 Sed
1175 1438 1212 1498 ut
1230 1433 1269 1497 ad
1288 1432 1346 1500 illa
1364 1433 1420 1498 ἵνα
1438 1435 1482 1518 μὴ
1498 1431 1650 1518 μάχωμαι

418 1562 458 1606 ex
485 1541 575 1606 iussu
604 1542 647 1604 σὺ
673 1535 735 1624 μὲν
758 1535 822 1605 οὖν
843 1563 900 1621 μοι
924 1539 998 1622 λέγε
1022 1539 1225 1627 cogitabatur
1248 1539 1343 1620 λέξω,
1371 1541 1417 1606 sie
1440 1541 1480 1605 ad
1502 1539 1582 1606 haec
1604 1541 1649 1624 μὰ

418 1649 478 1714 τὸν
501 1645 648 1712 Ἀπόλλω
678 1647 737 1729 ’γὼ
765 1643 827 1730 μὲν
854 1647 908 1728 οὔ,
936 1668 1018 1730 quae
1046 1649 1238 1712 contrariam
1267 1647 1332 1712 illis
1360 1647 1554 1712 sententiam
1577 1668 1650 1712 con·

417 1755 532 1838 tinent,
555 1753 680 1818 dicendi
703 1754 836 1818 verbum
860 1754 1054 1820 audiendum
1078 1759 1127 1820 est
1149 1756 1193 1835 μὰ
1216 1779 1243 1819 τ.
1265 1750 1308 1819 Ἀ.
1331 1752 1395 1836 ἐγὼ
1418 1749 1480 1836 μὲν
1498 1753 1539 1819 οὐ
1559 1753 1649 1831 λέξω.

417 1861 566 1946 Denique
588 1860 700 1926 eodem
722 1881 818 1925 cursu
840 1860 994 1945 loquendi
1013 1860 1125 1926 Nicias
1148 1861 1246 1926 verba
1263 1860 1407 1926 adnectit
1425 1882 1464 1925 ex
1482 1859 1650 1946 Euripidis

417 1967 598 2052 Hippolyto
632 1967 834 2052 deprompta,
865 1979 935 2044 πῶς
966 1966 1009 2032 ἂν
1042 1969 1084 2032 σύ
1116 1991 1172 2051 μοι
1189 1967 1323 2046 ,λέξειας
1351 1963 1412 2052 ἁμὲ
1439 1969 1500 2052 χρὴ
1528 1966 1650 2052 λέγειν,

418 2097 499 2159 quae
523 2076 587 2140 iam
609 2078 743 2159 apparet
764 2074 828 2138 nisi
849 2073 927 2139 huic
944 2075 1018 2140 loco
1036 2097 1102 2139 non
1121 2074 1361 2140 accommodata
1379 2095 1456 2140 esse.
1492 2072 1540 2138 Ut
1563 2075 1649 2140 enim

417 2181 562 2248 Phaedra
584 2180 760 2265 Euripides
787 2182 877 2266 cupit
904 2181 961 2246 illa
989 2182 1118 2266 quidem
1147 2181 1250 2248 dicere
1279 2203 1342 2266 quo
1366 2181 1451 2247 malo
1475 2185 1650 2265 prematur,

377 2316 404 2356 ro
418 2288 473 2354 sed
492 2310 565 2354 cum
582 2289 647 2352 iam
666 2288 791 2354 dictura
809 2293 868 2371 est,
885 2293 1014 2352 veretur
1033 2310 1070 2354 ac
1087 2287 1318 2373 tergiversatur
1336 2293 1369 2354 et
1384 2288 1478 2352 malit
1491 2311 1511 2352 a
1523 2289 1649 2354 nutrice

416 2395 554 2480 proferri
573 2393 660 2478 quod
678 2395 750 2479 ipsa
766 2393 884 2479 prodat
902 2399 1041 2479 oportet,
1059 2396 1106 2460 sic
1119 2394 1230 2460 Nicias
1248 2396 1466 2461 altercationis
1481 2395 1649 2464 evitandae

417 2523 513 2566 causa
544 2505 675 2588 paratus
707 2506 776 2566 erat
801 2501 919 2586 dicere,
951 2503 1026 2567 dein
1053 2506 1141 2566 metu
1168 2501 1363 2586 impediente
1391 2502 1454 2568 hoc
1481 2525 1500 2568 a
1528 2523 1562 2568 se
1590 2503 1648 2568 im·

417 2612 542 2692 patrare
575 2630 642 2673 uon
673 2613 781 2692 potest
813 2614 846 2674 et
877 2608 980 2695 magis
1012 2610 1149 2674 alterum
1182 2609 1272 2692 cupit
1303 2607 1426 2693 eloqui,
1459 2609 1529 2692 ipre
1560 2609 1648 2694 quod

416 2717 524 2780 sentit.
574 2714 618 2781 Et
650 2715 691 2780 ad
727 2714 813 2780 hunc
846 2737 973 2780 versum
1010 2716 1180 2800 praecipue
1217 2719 1250 2780 et
1285 2715 1374 2780 illam
1407 2714 1520 2780 Niciae
1552 2715 1647 2780 vacil-

415 2826 536 2889 lantem
563 2822 681 2888 mentis
706 2822 927 2887 condicionem
950 2844 1047 2906 quam
1071 2823 1207 2887 dicimus
1232 2823 1359 2908 egregie
1382 2823 1564 2907 applicatur
1586 2821 1648 2888 De-

415 2931 595 2996 mosthenis
613 2951 803 3012 responsum
819 2927 892 3014 (15)
911 2927 982 2994 ἀλλ’
1006 2925 1075 2994 stul
1094 2934 1244 3014 θαρρῶν,
1263 2925 1333 2994 εἶτα
1346 2928 1436 3012 κάγὼ
1452 2930 1504 2996 eol
1519 2930 1647 3014 φράσω.

416 3037 479 3115 Qui
501 3037 588 3121 quod
611 3057 697 3101 nunc
714 3034 926 3120 Euripideum
949 3057 1079 3100 versum
1101 3057 1170 3100 esse
1193 3057 1260 3102 non
1282 3036 1429 3120 attendit,
1453 3057 1525 3101 curn
1548 3037 1646 3121 paulo

414 3148 494 3229 post¹
513 3147 556 3227 (v.
577 3143 626 3208 18.
649 3141 705 3229 19)
727 3142 855 3208 Niciam
880 3143 921 3206 ob
944 3142 1111 3226 Euripidis
1134 3143 1329 3208 mentionem
1353 3143 1471 3208 factam
1494 3143 1646 3228 increpet,

414 3250 498 3316 nihil
525 3255 575 3314 est
602 3249 688 3333 quod
715 3251 876 3336 legentem
905 3249 1058 3314 offendat:
1088 3272 1163 3313 nam
1190 3248 1302 3315 Nicias
1331 3271 1427 3334 quam
1456 3251 1646 3316 sententiam

375 3386 401 3425 ro
416 3360 481 3424 suis
495 3357 601 3423 verbis
616 3357 794 3441 exprimere
807 3362 942 3441 poterat,
957 3358 1074 3422 maluit
1088 3356 1263 3441 Euripidae
1278 3379 1371 3423 versu
1386 3358 1508 3442 efferre,
1527 3360 1646 3443 quippe

415 3466 449 3530 in
472 3487 565 3529 suum
588 3465 705 3529 mentis
728 3467 848 3529 statum
871 3464 1042 3548 insignitor
1060 3464 1155 3529 facto.
1192 3462 1288 3529 Hunc
1306 3468 1414 3529 autem
1433 3484 1561 3530 cursum
1580 3478 1682 3535 ser-t

415 3572 519 3636 monis
543 3592 639 3655 quem
663 3592 731 3635 esse
753 3570 786 3634 in
809 3570 954 3635 versibus
975 3570 1104 3634 14-17
1125 3570 1284 3655 volumuS,
1308 3570 1334 3635 si
1353 3575 1439 3636 recte
1458 3572 1645 3657 explicueri-

415 3700 495 3761 mus,
514 3681 660 3761 apertum
678 3682 735 3761 est,
754 3677 836 3742 nihil
855 3678 890 3741 in
906 3677 959 3742 his
978 3676 1191 3742 cavillationis
1207 3678 1310 3742 inesse
1324 3682 1503 3762 praetorem
1517 3676 1645 3745 Niciam

413 3785 582 3869 carpentis.
619 3783 748 3851 Etenim
771 3788 809 3848 ut
832 3784 961 3868 planius
984 3784 1090 3867 etiam,
1114 3784 1139 3848 si
1163 3784 1374 3869 fieri'potest,
1397 3783 1539 3850 dicamus
1559 3784 1647 3871 quod

414 3893 561 3957 volumus
599 3890 687 3976 (nam
725 3893 759 3956 in
795 3892 858 3955 hoc
894 3913 1011 3977 genere
1045 3890 1212 3957 allusionis
1246 3914 1339 3975 quam
1374 3891 1485 3957 dicunt
1513 3892 1646 3959 difficile

413 3999 622 4083 persuadetur
645 3996 777 4085 doctis),
801 3999 865 4063 tria
888 4002 965 4063 sunt
988 4020 1069 4082 quae
1092 3996 1217 4079 Nicias,
1240 3997 1321 4063 altar
1343 3996 1553 4081 famulorum,
1579 4022 1645 4065 uno

413 4111 523 4171 tancre
555 4106 611 4171 sed
642 4105 829 4171 haesitando
862 4109 896 4169 et
927 4104 1100 4171 breviculis
1130 4103 1310 4169 intervallis
1337 4105 1472 4189 promit:
1504 4107 1644 4189 primum

413 4213 507 4279 ‘esto:
531 4213 634 4278 dicam
658 4211 744 4296 quod
766 4212 880 4289 sentio,
903 4233 944 4276 ne
966 4211 1078 4295 rixer'3
1102 4211 1176 4277 dein
1198 4211 1386 4277 reformidat
1407 4214 1538 4296 exsequi
1557 4214 1645 4297 quod

413 4342 446 4385 se
478 4319 561 4384 velle
592 4319 687 4383 modo
720 4318 816 4403 dixit3
847 4322 952 4382 metus
985 4318 1070 4382 enim
1099 4316 1225 4383 servilis
1253 4318 1405 4403 prohibet
1432 4339 1473 4382 ne
1499 4320 1645 4403 proferat

372 4426 499 4510 acquod
527 4426 557 4489 ei
583 4427 648 4490 ianr
675 4427 759 4489 inter
784 4420 877 4489 latire
903 4424 1014 4489 haeret
1042 4424 1174 4491 verbum
1203 4426 1384 4490 ominosum
1408 4426 1645 4510 αὐτομολῶμεν

412 4529 499 4619 (26);
522 4532 660 4616 denique
683 4530 806 4595 mavult
833 4532 971 4597 alterum
999 4532 1122 4615 eloqui,
1154 4531 1222 4616 ipse
1250 4532 1335 4616 quod
1363 4533 1518 4597 voluerat
1555 4532 1645 4599 Haeo
1811 4594 1812 4613 ,

411 4640 474 4704 tria
505 4639 667 4723 praeclare
699 4640 784 4703 inter
813 4660 846 4703 sa
879 4638 1052 4705 cohaerent
1079 4643 1111 4703 et
1137 4639 1277 4723 pingunt
1303 4640 1401 4703 animi
1430 4644 1554 4705 motum
1587 4642 1644 4725 qui

412 4750 460 4810 eet
495 4747 530 4811 in
559 4744 667 4828 Nicia,
703 4745 798 4810 modo
834 4745 976 4823 volente,
1013 4766 1125 4809 rursus
1157 4746 1287 4811 nolente
1319 4746 1419 4811 dicere
1448 4750 1481 4811 ct
1511 4746 1643 4813 alterius
1811 4736 1812 4743 ἵ

412 4874 505 4937 opem
538 4852 743 4937 implorante:
774 4875 850 4917 nam
878 4851 918 4917 de
945 4852 1035 4917 nulle
1063 4874 1097 4915 re
1124 4851 1188 4917 alia
1213 4853 1277 4917 nisi
1306 4852 1344 4917 de
1372 4853 1501 4919 dicendo
1527 4854 1642 4939 agitur.

412 4959 513 5044 Atqui
537 4962 613 5044 quia
635 4960 735 5025 verba
757 4961 813 5024 ἵνα
835 4962 879 5043 μὴ
902 4958 1053 5044 μάχωμαι
1078 4958 1184 5023 soluta
1203 4982 1221 5023 a
1240 4958 1366 5025 dicendi
1384 4960 1516 5025 notione
1534 4964 1568 5025 et
1585 4982 1643 5045 per

411 5089 445 5133 se
472 5067 580 5151 posita
606 5068 641 5131 iu
663 5066 889 5151 imperatorem
911 5065 1038 5131 Niciam
1063 5066 1174 5131 cadere
1197 5070 1348 5150 possunt,
1376 5066 1403 5131 si
1427 5066 1501 5151 quis
1524 5066 1642 5132 idcirco

411 5172 494 5239 hanc
516 5173 760 5261 ambiguitatem
784 5174 874 5238 lusus
899 5196 995 5238 causa
1016 5172 1214 5238 inferendam
1238 5173 1365 5255 statuit,
1393 5178 1644 5257 corrumpuntur

1811 5564 1812 5615 l

410 5286 443 5345 et
474 5280 698 5345 distrahuntur
729 5302 810 5365 quae
843 5282 964 5366 optime
997 5280 1188 5345 concinnate
1215 5284 1314 5344 erant.
1357 5278 1401 5345 Et
1428 5278 1514 5345 hunc
1542 5280 1643 5365 igitur

410 5410 549 5453 errorem
577 5387 753 5453 cavendum
780 5409 850 5452 esse
878 5388 1028 5469 dicimus,
1055 5408 1095 5450 ne
1122 5386 1313 5471 particulam
1342 5408 1382 5451 ex
1404 5390 1556 5453 contextu
1579 5408 1641 5452 ser-
