3925 6675
447 1148 521 1213 260
642 1151 738 1203 XLVI.
755 1150 871 1201 INDEX
892 1150 1106 1202 LEUPIONUM
1125 1150 1366 1202 BIBERNARUM
1382 1149 1511 1219 ¹⁸⁹⁷l93·

615 1310 745 1388 ἐλπίδες
768 1309 797 1376 δ’
825 1311 917 1376 οὔπω
940 1308 1142 1377 καθεύδουιί
1171 1302 1223 1387 αἷς
1245 1308 1430 1399 πέποιθα*)
1454 1312 1519 1375 σὺν
1541 1315 1636 1387 θεοῖς

611 1416 702 1483 τόνδ’
730 1416 926 1495 ἀποκτείνας
947 1421 1125 1502 κρατήσειν
1147 1418 1248 1502 τῆσδε
1272 1421 1419 1502 Θηβαίας
1441 1418 1567 1501 χθονός

449 1526 496 1590 itn
527 1524 592 1590 (lici
624 1524 775 1589 videntur
806 1525 898 1610 quusi
930 1524 1061 1602 ἐλπίδες
1088 1526 1172 1589 vires
1200 1524 1356 1608 quaedem
1384 1525 1451 1589 sint
1475 1524 1594 1608 quibos
1621 1544 1689 1590 non

446 1632 563 1717 sopitis
594 1632 734 1696 confisus
760 1638 866 1713 spera
892 1653 926 1697 se
952 1631 1106 1697 Thebana
1133 1635 1220 1697 term
1247 1632 1426 1715 potiturum
1454 1652 1536 1717 esee3
1568 1634 1626 1695 ent
1655 1632 1689 1697 in

447 1738 611 1804 Homolio.
635 1736 744 1804 Iolnus
767 1736 863 1825 (433)

613 1851 717 1929 οίμοι·
740 1846 775 1909 τί
796 1842 870 1928 δῆτ’
894 1842 1034 1929 hepone
1057 1840 1083 1910 ὦ
1106 1842 1247 1910 τάλαινά
1268 1868 1308 1927 με

614 1950 707 2028 ἐλπὶς
728 1950 811 2033 τότ’,
834 1951 875 2016 οὐ
898 1950 1066 2036 μέλλουσα
1089 1952 1254 2017 διατελεῖν
1277 1952 1387 2035 χάρινς

449 2060 506 2125 nbi
530 2060 601 2143 spei
625 2058 831 2143 adscribitur,
853 2059 941 2143 quod
962 2061 1104 2141 speram
1127 2057 1279 2144 contigit,
1307 2059 1364 2143 qui
1386 2059 1526 2143 primum
1550 2078 1606 2143 spe
1630 2081 1693 2123 suu

450 2167 628 2233 delectatum
656 2164 771 2231 deinde
798 2166 891 2231 inite
917 2165 990 2231 fieri
1017 2165 1119 2231 sensit
1147 2186 1228 2248 quae
1251 2170 1443 2248 speraverat.
1462 2164 1610 2231 -lllectru
1632 2162 1693 2230 So·

410 2303 437 2343 ιο
450 2272 586 2358 phoolee
611 2295 684 2337 cnm
707 2293 850 2338 sororem
874 2272 1026 2338 edmonet
1049 2268 1145 2359 (958)

610 2389 668 2444 ποί
689 2380 753 2464 γὰρ
775 2390 887 2463 μενεῖς
909 2375 1061 2466 ῥᾴθυμος
1080 2377 1114 2456 ἐς
1123 2377 1185 2443 τίν’
1201 2378 1345 2444 ἐλπίδων

614 2484 751 2569 omae
778 2484 823 2552 ἔτ’
851 2484 974 2572 opem

450 2593 597 2677 loquitur
616 2598 782 2678 tamqnam
800 2614 873 2678 spes
892 2594 936 2659 sit
950 2593 1060 2659 nescio
1076 2592 1154 2676 quid
1168 2592 1348 2657 seiunctum
1363 2590 1403 2656 ab
1417 2591 1558 2658 hominis
1572 2598 1692 2677 mente,

451 2699 634 2787 intelligere
657 2703 765 2765 eutem
788 2700 915 2765 videtur
938 2721 1032 2784 opem
1054 2722 1135 2785 qnae
1153 2698 1243 2763 nulle
1261 2700 1325 2763 iem
1343 2701 1483 2782 ορεναειίί
1501 2702 1613 2785 pereto
1631 2701 1692 2785 sit3

451 2806 665 2891 similiterque
688 2806 798 2872 eodem
822 2806 861 2871 de
884 2804 998 2872 Oreste
1022 2804 1116 2893 (809)

614 2913 807 2990 ἀποσπάσας
829 2914 893 2997 γὰρ
916 2922 975 2997 τῆς
998 2912 1076 2997 ἐμῆς
1099 2919 1182 2997 οίχει
1206 2914 1329 2997 φρενὸς

614 3020 652 3085 αἵ
671 3044 728 3105 μοι
750 3023 851 3102 μόναι
873 3030 1027 3105 παρῆσαν
1051 3020 1195 3086 ἐλπίδων
1217 3016 1281 3101 ἔτι,

614 3124 651 3191 ol
674 3128 799 3210 πατρὸς
820 3126 910 3209 ἥξειν
931 3129 1086 3213 τιμωρόν.

452 3236 622 3301 Postremo
646 3234 681 3298 in
703 3232 842 3298 Hercule
865 3234 952 3319 quod
975 3232 1093 3300 chorus
1116 3233 1196 3300 dicit
1218 3232 1313 3320 (771)

414 3372 441 3412 ιο
619 3341 813 3425 δοκημάτων
836 3340 927 3419 ἐκτὸς
949 3338 1056 3425 ἦλθεν
1080 3340 1172 3419 ἐλπίς

453 3447 659 3535 Muegmviue
683 3449 813 3534 quidem
836 3448 1091 3533 ‘perabsurdum’
1116 3469 1185 3514 esse
1208 3449 1255 3512 eit
1277 3453 1310 3512 et
1332 3444 1416 3531 ἦλθε
1439 3447 1553 3530 τέρψις
1576 3451 1693 3532 reponi

453 3555 568 3639 sunsit3
592 3576 687 3639 quem
706 3577 765 3620 nos
784 3577 850 3620 non
869 3577 1048 3640 sequemur,
1072 3576 1268 3640 quemquam
1287 3559 1435 3639 opertum
1453 3558 1502 3619 est
1521 3577 1586 3620 non
1605 3575 1691 3636 speive

454 3660 509 3726 sed
533 3661 565 3725 id
586 3661 673 3746 qnod
690 3663 874 3745 sperabatur
892 3663 955 3726 dici
973 3667 1102 3746 praeter
1120 3663 1391 3747 exspectationem
1409 3662 1542 3726 venisse.
1574 3659 1692 3746 Neque

455 3788 545 3832 secus
569 3790 681 3834 servus
704 3769 874 3834 Plautinus
895 3771 1024 3834 locutus
1048 3773 1097 3834 est
1120 3769 1154 3834 in
1176 3767 1393 3834 Menaechmis
1417 3767 1455 3854 (v
1474 3768 1504 3852 9,
1518 3767 1577 3856 22)

520 3874 569 3941 Di
592 3877 795 3956 ι’ωωονλολεε,
817 3897 903 3960 spem
925 3879 1119 3958 insperatum
1143 3877 1215 3942 dole
1236 3875 1317 3940 milei
1338 3895 1434 3957 οιιονι
1455 3875 1609 3956 nuptm,

456 3983 508 4046 cui
536 3983 571 4048 in
599 3985 792 4048 contrariam
819 3988 944 4068 purtem
966 3983 1162 4067 respondent
1185 4004 1267 4066 quoe
1289 3981 1458 4067 Eutychus
1481 3983 1527 4046 eit
1551 3981 1583 4046 in
1607 3979 1693 4046 Mer-

454 4093 564 4155 catore
588 4087 626 4175 (v
645 4089 676 4173 2,
694 4088 730 4176 2)

521 4196 617 4280 Spem
640 4203 798 4279 ερονοίοω
819 4218 911 4280 queem
933 4197 1071 4262 ολιλειλίείί
1093 4195 1174 4262 lano
1196 4197 1288 4278 miti,
1312 4195 1370 4260 tici
1390 4201 1494 4277 pratee
1516 4215 1587 4278 ayo,

455 4325 528 4368 oum
556 4304 730 4388 utrobique
757 4303 964 4370 menifestum
993 4305 1036 4367 sit
1063 4323 1148 4386 ερειιι
1176 4302 1238 4367 (1ίοί
1268 4301 1354 4387 quod
1376 4303 1518 4383 ερενοιιίί
1540 4301 1696 4388 obtinget

414 4440 442 4480 ω
456 4415 513 4474 eut
534 4433 554 4474 n
575 4416 719 4492 speum
741 4409 918 4496 optetur*).
955 4409 1043 4477 Haeo
1070 4431 1151 4494 quoe
1175 4431 1234 4475 nos
1258 4409 1421 4474 efferimus
1444 4429 1546 4494 peuce
1569 4407 1624 4494 qui
1646 4431 1693 4474 re-

457 4516 618 4602 putaverit
641 4538 681 4580 ex
702 4517 807 4600 iisque
825 4517 887 4581 eibi
906 4517 1015 4582 enimc
1034 4517 1227 4600 informarit,
1251 4536 1348 4601 quem
1367 4515 1456 4580 vecie
1474 4513 1559 4599 opud
1577 4521 1692 4600 poetes

457 4645 495 4689 oo
524 4645 619 4708 eeepe
646 4623 788 4688 insolens
815 4622 950 4701 ἐλπίδος
976 4623 1150 4708 appellatio
1177 4623 1289 4706 fuerit,
1321 4625 1384 4687 ism
1411 4643 1513 4707 poene
1541 4621 1691 4688 daturum

456 4729 636 4814 opinemur,
659 4751 699 4795 ne
721 4730 803 4796 illud
826 4731 956 4816 quidem
980 4731 1068 4814 quod
1091 4729 1220 4807 ἐλπίδες
1244 4727 1395 4794 ἐκπεῖσαι
1420 4727 1518 4812 δόξης
1541 4727 1694 4794 dicuntur

456 4860 476 4901 n
492 4836 615 4903 ratione
636 4843 693 4903 out
711 4862 731 4903 e
748 4860 837 4904 more
856 4841 999 4904 veterum
1018 4835 1196 4903 abhorrere.
1236 4835 1357 4913 Quodsi
1376 4835 1449 4921 quis
1468 4839 1575 4902 tumen
1593 4833 1692 4900 nimis

564 5048 668 5118 ’1)οί.
688 5048 799 5103 llercnl.
817 5053 868 5103 105

778 5133 860 5200 οὗτος
878 5131 907 5190 δ’
928 5138 1001 5206 ἀνὴρ
1021 5137 1134 5204 ἄριστος
1152 5135 1227 5200 ὅστις
1246 5133 1335 5192 ἐλπίσι

778 5223 919 5280 πέποιθεν
937 5225 1002 5281 ulei.

552 5315 617 5379 ‘³0)
635 5313 721 5384 [llud.
740 5319 791 5368 281
815 5315 883 5384 spe
905 5316 990 5383 oona,
1013 5316 1132 5380 obsecro,
1155 5315 1286 5370 ενίιοαιλο
1310 5315 1390 5382 miti,
1415 5315 1501 5369 επίοιε
1523 5331 1558 5370 ατ
1579 5313 1629 5370 λος
1648 5315 1700 5369 πω·-

458 5421 546 5458 serum
570 5403 663 5474 metu]
