<?xml version="1.0" encoding="UTF-8"?>
<!DOCTYPE html PUBLIC "-//W3C//DTD XHTML 1.0 Transitional//EN"
    "http://www.w3.org/TR/xhtml1/DTD/xhtml1-transitional.dtd">
<html xmlns="http://www.w3.org/1999/xhtml" xml:lang="en" lang="en">
 <head>
  <title>
</title>
<meta http-equiv="Content-Type" content="text/html;charset=utf-8" />
  <meta name='ocr-system' content='tesseract 3.04.00' />
  <meta name='ocr-capabilities' content='ocr_page ocr_carea ocr_par ocr_line ocrx_word'/>
</head>
<body>
  <div class='ocr_page' id='page_1' title='image "./iohannisvahleni01vahlgoog/iohannisvahleni01vahlgoog_0089.png"; bbox 0 0 3925 6675; ppageno 0'>
   <div class='ocr_carea' id='block_1_1' title="bbox 291 2008 1531 2155">
    <p class='ocr_par' dir='ltr' id='par_1_1' title="bbox 291 2008 1531 2155">
     <span class='ocr_line' id='line_1_1' title="bbox 291 2008 1531 2155; baseline 0.002 -21"><span class='ocrx_word' id='word_1_1' title='bbox 291 2062 489 2135; x_wconf 80' lang='lat' dir='ltr'><strong>xxxvm.</strong></span> <span class='ocrx_word' id='word_1_2' title='bbox 517 2008 673 2136; x_wconf 76' lang='lat' dir='ltr'><strong>mour</strong></span> <span class='ocrx_word' id='word_1_3' title='bbox 699 2061 982 2135; x_wconf 81' lang='lat' dir='ltr'><strong>uscrrcuuu</strong></span> <span class='ocrx_word' id='word_1_4' title='bbox 1010 2061 1343 2137; x_wconf 79' lang='lat' dir='ltr'><strong>mauuuasuu</strong></span> <span class='ocrx_word' id='word_1_5' title='bbox 1370 2061 1531 2155; x_wconf 68' lang='grc'><strong>18131114.</strong></span> 
     </span>
    </p>
   </div>
   <div class='ocr_carea' id='block_1_2' title="bbox 248 2236 1532 2537">
    <p class='ocr_par' dir='ltr' id='par_1_2' title="bbox 248 2236 1532 2537">
     <span class='ocr_line' id='line_1_2' title="bbox 248 2236 1531 2321; baseline 0.003 -23"><span class='ocrx_word' id='word_1_6' title='bbox 248 2243 271 2298; x_wconf 76' lang='lat'>⁸</span> <span class='ocrx_word' id='word_1_7' title='bbox 387 2236 537 2303; x_wconf 77' lang='lat' dir='ltr'><strong>semestri</strong></span> <span class='ocrx_word' id='word_1_8' title='bbox 567 2238 689 2302; x_wconf 80' lang='lat' dir='ltr'><strong>aestivo</strong></span> <span class='ocrx_word' id='word_1_9' title='bbox 713 2258 813 2321; x_wconf 87' lang='lat' dir='ltr'><strong>paene</strong></span> <span class='ocrx_word' id='word_1_10' title='bbox 837 2241 948 2302; x_wconf 90' lang='lat' dir='ltr'><strong>exacto</strong></span> <span class='ocrx_word' id='word_1_11' title='bbox 972 2236 1072 2301; x_wconf 88' lang='lat' dir='ltr'><strong>studii</strong></span> <span class='ocrx_word' id='word_1_12' title='bbox 1095 2237 1269 2305; x_wconf 72' lang='lat' dir='ltr'><strong>academici</strong></span> <span class='ocrx_word' id='word_1_13' title='bbox 1291 2239 1531 2304; x_wconf 89' lang='lat' dir='ltr'><strong>institutionem</strong></span> 
     </span>
     <span class='ocr_line' id='line_1_3' title="bbox 291 2342 1532 2429; baseline 0.001 -21"><span class='ocrx_word' id='word_1_14' title='bbox 291 2368 378 2429; x_wconf 88' lang='lat' dir='ltr'><strong>quae</strong></span> <span class='ocrx_word' id='word_1_15' title='bbox 407 2367 463 2408; x_wconf 89' lang='lat' dir='ltr'><strong>sex</strong></span> <span class='ocrx_word' id='word_1_16' title='bbox 490 2343 657 2409; x_wconf 89' lang='lat' dir='ltr'><strong>mensibus</strong></span> <span class='ocrx_word' id='word_1_17' title='bbox 687 2345 744 2429; x_wconf 90' lang='lat' dir='ltr'><strong>qui</strong></span> <span class='ocrx_word' id='word_1_18' title='bbox 771 2345 985 2427; x_wconf 89' lang='lat' dir='ltr'><strong>insequuntur</strong></span> <span class='ocrx_word' id='word_1_19' title='bbox 1011 2342 1157 2409; x_wconf 88' lang='lat' dir='ltr'><strong>hibernis</strong></span> <span class='ocrx_word' id='word_1_20' title='bbox 1184 2344 1306 2410; x_wconf 80' lang='lat' dir='ltr'><strong>valebit</strong></span> <span class='ocrx_word' id='word_1_21' title='bbox 1334 2346 1532 2411; x_wconf 82' lang='lat' dir='ltr'><strong>sollemniter</strong></span> 
     </span>
     <span class='ocr_line' id='line_1_4' title="bbox 289 2451 1531 2537; baseline 0 -22"><span class='ocrx_word' id='word_1_22' title='bbox 289 2451 466 2516; x_wconf 83' lang='lat' dir='ltr'><strong>indicimus</strong></span> <span class='ocrx_word' id='word_1_23' title='bbox 494 2451 725 2536; x_wconf 78' lang='lat' dir='ltr'><strong>hortemurque</strong></span> <span class='ocrx_word' id='word_1_24' title='bbox 753 2451 990 2516; x_wconf 81' lang='lat' dir='ltr'><strong>commilitones</strong></span> <span class='ocrx_word' id='word_1_25' title='bbox 1019 2454 1055 2514; x_wconf 91' lang='lat' dir='ltr'><strong>ut</strong></span> <span class='ocrx_word' id='word_1_26' title='bbox 1083 2474 1123 2515; x_wconf 83' lang='lat' dir='ltr'><strong>er</strong></span> <span class='ocrx_word' id='word_1_27' title='bbox 1146 2452 1328 2517; x_wconf 77' lang='lat' dir='ltr'><strong>admirabili</strong></span> <span class='ocrx_word' id='word_1_28' title='bbox 1352 2451 1413 2517; x_wconf 86' lang='lat' dir='ltr'><strong>hac</strong></span> <span class='ocrx_word' id='word_1_29' title='bbox 1436 2457 1531 2537; x_wconf 89' lang='lat' dir='ltr'><strong>quam</strong></span> 
     </span>
    </p>
   </div>
   <div class='ocr_carea' id='block_1_3' title="bbox 245 2557 1574 5424">
    <p class='ocr_par' dir='ltr' id='par_1_3' title="bbox 288 2557 1574 4037">
     <span class='ocr_line' id='line_1_5' title="bbox 288 2557 1531 2643; baseline -0.002 -19"><span class='ocrx_word' id='word_1_30' title='bbox 288 2559 485 2643; x_wconf 85' lang='lat' dir='ltr'><strong>exponimus</strong></span> <span class='ocrx_word' id='word_1_31' title='bbox 514 2558 696 2623; x_wconf 89' lang='lat' dir='ltr'><strong>scholarum</strong></span> <span class='ocrx_word' id='word_1_32' title='bbox 724 2557 921 2622; x_wconf 90' lang='lat' dir='ltr'><strong>abundantia</strong></span> <span class='ocrx_word' id='word_1_33' title='bbox 948 2577 986 2621; x_wconf 90' lang='lat' dir='ltr'><strong>ac</strong></span> <span class='ocrx_word' id='word_1_34' title='bbox 1016 2557 1169 2623; x_wconf 83' lang='lat' dir='ltr'><strong>varietate</strong></span> <span class='ocrx_word' id='word_1_35' title='bbox 1199 2559 1260 2624; x_wconf 92' lang='lat' dir='ltr'><strong>sibi</strong></span> <span class='ocrx_word' id='word_1_36' title='bbox 1288 2559 1423 2642; x_wconf 90' lang='lat' dir='ltr'><strong>quisque</strong></span> <span class='ocrx_word' id='word_1_37' title='bbox 1450 2581 1531 2642; x_wconf 89' lang='lat' dir='ltr'><strong>quae</strong></span> 
     </span>
     <span class='ocr_line' id='line_1_6' title="bbox 288 2664 1531 2750; baseline -0.002 -20"><span class='ocrx_word' id='word_1_38' title='bbox 288 2666 436 2730; x_wconf 84' lang='lat' dir='ltr'><strong>maxime</strong></span> <span class='ocrx_word' id='word_1_39' title='bbox 465 2666 641 2730; x_wconf 84' lang='lat' dir='ltr'><strong>conducere</strong></span> <span class='ocrx_word' id='word_1_40' title='bbox 665 2665 834 2730; x_wconf 87' lang='lat' dir='ltr'><strong>videantur</strong></span> <span class='ocrx_word' id='word_1_41' title='bbox 857 2664 995 2750; x_wconf 81' lang='lat' dir='ltr'><strong>seligant</strong></span> <span class='ocrx_word' id='word_1_42' title='bbox 1019 2665 1200 2749; x_wconf 77' lang='lat' dir='ltr'><strong>selectaque</strong></span> <span class='ocrx_word' id='word_1_43' title='bbox 1225 2666 1302 2731; x_wconf 92' lang='lat' dir='ltr'><strong>totis</strong></span> <span class='ocrx_word' id='word_1_44' title='bbox 1327 2665 1448 2730; x_wconf 87' lang='lat' dir='ltr'><strong>viribus</strong></span> <span class='ocrx_word' id='word_1_45' title='bbox 1468 2688 1531 2728; x_wconf 90' lang='lat' dir='ltr'><strong>am-</strong></span> 
     </span>
     <span class='ocr_line' id='line_1_7' title="bbox 288 2769 1531 2858; baseline -0.002 -22"><span class='ocrx_word' id='word_1_46' title='bbox 288 2773 480 2858; x_wconf 88' lang='lat' dir='ltr'><strong>plectantur</strong></span> <span class='ocrx_word' id='word_1_47' title='bbox 502 2772 589 2836; x_wconf 90' lang='lat' dir='ltr'><strong>haud</strong></span> <span class='ocrx_word' id='word_1_48' title='bbox 611 2774 814 2837; x_wconf 89' lang='lat' dir='ltr'><strong>immemores</strong></span> <span class='ocrx_word' id='word_1_49' title='bbox 837 2772 871 2835; x_wconf 92' lang='grc'><strong>111</strong></span> <span class='ocrx_word' id='word_1_50' title='bbox 895 2769 1075 2835; x_wconf 89' lang='lat' dir='ltr'><strong>litterarum</strong></span> <span class='ocrx_word' id='word_1_51' title='bbox 1099 2772 1215 2836; x_wconf 89' lang='lat' dir='ltr'><strong>studiis</strong></span> <span class='ocrx_word' id='word_1_52' title='bbox 1239 2773 1312 2856; x_wconf 89' lang='lat' dir='ltr'><strong>plus</strong></span> <span class='ocrx_word' id='word_1_53' title='bbox 1335 2773 1443 2856; x_wconf 88' lang='lat' dir='ltr'><strong>putari</strong></span> <span class='ocrx_word' id='word_1_54' title='bbox 1461 2776 1531 2856; x_wconf 68' lang='lat' dir='ltr'><strong>pross</strong></span> 
     </span>
     <span class='ocr_line' id='line_1_8' title="bbox 289 2878 1531 2970; baseline -0.002 -26"><span class='ocrx_word' id='word_1_55' title='bbox 289 2882 408 2945; x_wconf 82' lang='lat' dir='ltr'><strong>fecisse</strong></span> <span class='ocrx_word' id='word_1_56' title='bbox 426 2880 481 2962; x_wconf 91' lang='lat' dir='ltr'><strong>qui</strong></span> <span class='ocrx_word' id='word_1_57' title='bbox 495 2880 635 2943; x_wconf 92' lang='lat' dir='ltr'><strong>multum</strong></span> <span class='ocrx_word' id='word_1_58' title='bbox 650 2901 746 2962; x_wconf 90' lang='lat' dir='ltr'><strong>quam</strong></span> <span class='ocrx_word' id='word_1_59' title='bbox 762 2879 820 2962; x_wconf 90' lang='lat' dir='ltr'><strong>qui</strong></span> <span class='ocrx_word' id='word_1_60' title='bbox 835 2879 937 2942; x_wconf 90' lang='lat' dir='ltr'><strong>multa</strong></span> <span class='ocrx_word' id='word_1_61' title='bbox 952 2882 1118 2943; x_wconf 90' lang='lat' dir='ltr'><strong>assecutus</strong></span> <span class='ocrx_word' id='word_1_62' title='bbox 1133 2879 1240 2944; x_wconf 84' lang='lat' dir='ltr'><strong>fuerit.</strong></span> <span class='ocrx_word' id='word_1_63' title='bbox 1270 2878 1409 2964; x_wconf 84' lang='lat' dir='ltr'><strong>Copioso</strong></span> <span class='ocrx_word' id='word_1_64' title='bbox 1424 2883 1531 2970; x_wconf 89' lang='lat' dir='ltr'><strong>autem</strong></span> 
     </span>
     <span class='ocr_line' id='line_1_9' title="bbox 290 2985 1530 3071; baseline -0.002 -20"><span class='ocrx_word' id='word_1_65' title='bbox 290 2989 470 3051; x_wconf 85' lang='lat' dir='ltr'><strong>lectionum</strong></span> <span class='ocrx_word' id='word_1_66' title='bbox 494 2986 823 3069; x_wconf 88' lang='lat' dir='ltr'><strong>exercitationumque</strong></span> <span class='ocrx_word' id='word_1_67' title='bbox 847 2987 992 3050; x_wconf 88' lang='lat' dir='ltr'><strong>recensui</strong></span> <span class='ocrx_word' id='word_1_68' title='bbox 1011 3007 1099 3050; x_wconf 88' lang='lat' dir='ltr'><strong>more</strong></span> <span class='ocrx_word' id='word_1_69' title='bbox 1118 2987 1278 3052; x_wconf 88' lang='lat' dir='ltr'><strong>tralaticio</strong></span> <span class='ocrx_word' id='word_1_70' title='bbox 1298 2985 1530 3071; x_wconf 83' lang='lat' dir='ltr'><strong>praefationem</strong></span> 
     </span>
     <span class='ocr_line' id='line_1_10' title="bbox 293 3091 1574 3177; baseline 0.001 -20"><span class='ocrx_word' id='word_1_71' title='bbox 293 3095 533 3177; x_wconf 85' lang='lat' dir='ltr'><strong>praemittimus</strong></span> <span class='ocrx_word' id='word_1_72' title='bbox 548 3115 566 3158; x_wconf 91' lang='lat' dir='ltr'><strong>e</strong></span> <span class='ocrx_word' id='word_1_73' title='bbox 580 3092 744 3158; x_wconf 88' lang='lat' dir='ltr'><strong>doctrinae</strong></span> <span class='ocrx_word' id='word_1_74' title='bbox 759 3091 873 3157; x_wconf 92' lang='lat' dir='ltr'><strong>studiis</strong></span> <span class='ocrx_word' id='word_1_75' title='bbox 888 3092 1022 3175; x_wconf 89' lang='lat' dir='ltr'><strong>petitam</strong></span> <span class='ocrx_word' id='word_1_76' title='bbox 1037 3114 1171 3176; x_wconf 89' lang='lat' dir='ltr'><strong>eamque</strong></span> <span class='ocrx_word' id='word_1_77' title='bbox 1185 3095 1270 3176; x_wconf 87' lang='lat' dir='ltr'><strong>parti</strong></span> <span class='ocrx_word' id='word_1_78' title='bbox 1281 3093 1411 3177; x_wconf 91' lang='lat' dir='ltr'><strong>quidem</strong></span> <span class='ocrx_word' id='word_1_79' title='bbox 1421 3114 1531 3158; x_wconf 92' lang='lat' dir='ltr'><strong>eorum</strong></span> <span class='ocrx_word' id='word_1_80' title='bbox 1548 3118 1574 3158; x_wconf 84' lang='grc' dir='ltr'><strong>ιο</strong></span> 
     </span>
     <span class='ocr_line' id='line_1_11' title="bbox 296 3198 1533 3284; baseline -0.001 -20"><span class='ocrx_word' id='word_1_81' title='bbox 296 3201 353 3283; x_wconf 93' lang='lat' dir='ltr'><strong>qui</strong></span> <span class='ocrx_word' id='word_1_82' title='bbox 380 3200 415 3264; x_wconf 95' lang='lat' dir='ltr'><strong>in</strong></span> <span class='ocrx_word' id='word_1_83' title='bbox 442 3199 503 3266; x_wconf 89' lang='lat' dir='ltr'><strong>hac</strong></span> <span class='ocrx_word' id='word_1_84' title='bbox 530 3200 712 3264; x_wconf 90' lang='lat' dir='ltr'><strong>litterarum</strong></span> <span class='ocrx_word' id='word_1_85' title='bbox 736 3200 810 3265; x_wconf 89' lang='lat' dir='ltr'><strong>sede</strong></span> <span class='ocrx_word' id='word_1_86' title='bbox 834 3198 953 3264; x_wconf 87' lang='lat' dir='ltr'><strong>scholis</strong></span> <span class='ocrx_word' id='word_1_87' title='bbox 977 3200 1131 3265; x_wconf 89' lang='lat' dir='ltr'><strong>interesse</strong></span> <span class='ocrx_word' id='word_1_88' title='bbox 1156 3200 1290 3284; x_wconf 88' lang='lat' dir='ltr'><strong>cupiunt</strong></span> <span class='ocrx_word' id='word_1_89' title='bbox 1314 3198 1533 3264; x_wconf 88' lang='lat' dir='ltr'><strong>accommoda-</strong></span> 
     </span>
     <span class='ocr_line' id='line_1_12' title="bbox 297 3305 1532 3392; baseline 0.001 -22"><span class='ocrx_word' id='word_1_90' title='bbox 297 3311 374 3371; x_wconf 86' lang='lat' dir='ltr'><strong>tam.</strong></span> <span class='ocrx_word' id='word_1_91' title='bbox 414 3306 555 3384; x_wconf 90' lang='lat' dir='ltr'><strong>Quarum</strong></span> <span class='ocrx_word' id='word_1_92' title='bbox 578 3307 814 3392; x_wconf 90' lang='lat' dir='ltr'><strong>praefationum</strong></span> <span class='ocrx_word' id='word_1_93' title='bbox 838 3310 1028 3391; x_wconf 82' lang='lat' dir='ltr'><strong>argumenta</strong></span> <span class='ocrx_word' id='word_1_94' title='bbox 1048 3311 1084 3372; x_wconf 93' lang='lat' dir='ltr'><strong>ut</strong></span> <span class='ocrx_word' id='word_1_95' title='bbox 1102 3305 1293 3392; x_wconf 87' lang='lat' dir='ltr'><strong>plerumque</strong></span> <span class='ocrx_word' id='word_1_96' title='bbox 1312 3309 1532 3392; x_wconf 80' lang='lat' dir='ltr'><strong>inposterum</strong></span> 
     </span>
     <span class='ocr_line' id='line_1_13' title="bbox 302 3412 1533 3499; baseline 0.002 -25"><span class='ocrx_word' id='word_1_97' title='bbox 302 3418 439 3479; x_wconf 80' lang='lat' dir='ltr'><strong>veterum</strong></span> <span class='ocrx_word' id='word_1_98' title='bbox 472 3414 565 3479; x_wconf 90' lang='lat' dir='ltr'><strong>libris</strong></span> <span class='ocrx_word' id='word_1_99' title='bbox 597 3414 846 3499; x_wconf 84' lang='lat' dir='ltr'><strong>interpretandis</strong></span> <span class='ocrx_word' id='word_1_100' title='bbox 880 3415 999 3479; x_wconf 88' lang='lat' dir='ltr'><strong>versari</strong></span> <span class='ocrx_word' id='word_1_101' title='bbox 1032 3415 1208 3497; x_wconf 84' lang='lat' dir='ltr'><strong>voluimus,</strong></span> <span class='ocrx_word' id='word_1_102' title='bbox 1241 3416 1285 3479; x_wconf 90' lang='lat' dir='ltr'><strong>ita</strong></span> <span class='ocrx_word' id='word_1_103' title='bbox 1312 3437 1397 3478; x_wconf 91' lang='lat' dir='ltr'><strong>nunc</strong></span> <span class='ocrx_word' id='word_1_104' title='bbox 1426 3412 1533 3478; x_wconf 90' lang='lat' dir='ltr'><strong>Ovidii</strong></span> 
     </span>
     <span class='ocr_line' id='line_1_14' title="bbox 303 3518 1533 3608; baseline 0.001 -26"><span class='ocrx_word' id='word_1_105' title='bbox 303 3518 437 3586; x_wconf 81' lang='lat' dir='ltr'><strong>Nasonis</strong></span> <span class='ocrx_word' id='word_1_106' title='bbox 455 3520 545 3585; x_wconf 82' lang='lat' dir='ltr'><strong>Fasti</strong></span> <span class='ocrx_word' id='word_1_107' title='bbox 565 3521 721 3585; x_wconf 89' lang='lat' dir='ltr'><strong>dederunt</strong></span> <span class='ocrx_word' id='word_1_108' title='bbox 735 3521 773 3585; x_wconf 90' lang='lat' dir='ltr'><strong>de</strong></span> <span class='ocrx_word' id='word_1_109' title='bbox 788 3543 852 3605; x_wconf 90' lang='lat' dir='ltr'><strong>quo</strong></span> <span class='ocrx_word' id='word_1_110' title='bbox 868 3520 1119 3603; x_wconf 82' lang='lat' dir='ltr'><strong>disputaremus:</strong></span> <span class='ocrx_word' id='word_1_111' title='bbox 1138 3521 1325 3586; x_wconf 81' lang='lat' dir='ltr'><strong>videbamur</strong></span> <span class='ocrx_word' id='word_1_112' title='bbox 1340 3523 1425 3586; x_wconf 90' lang='lat' dir='ltr'><strong>enim</strong></span> <span class='ocrx_word' id='word_1_113' title='bbox 1440 3520 1533 3608; x_wconf 88' lang='lat' dir='ltr'><strong>nobis</strong></span> 
     </span>
     <span class='ocr_line' id='line_1_15' title="bbox 309 3628 1533 3712; baseline 0.002 -24"><span class='ocrx_word' id='word_1_114' title='bbox 309 3629 445 3693; x_wconf 89' lang='lat' dir='ltr'><strong>nonnihil</strong></span> <span class='ocrx_word' id='word_1_115' title='bbox 469 3628 614 3694; x_wconf 88' lang='lat' dir='ltr'><strong>conferre</strong></span> <span class='ocrx_word' id='word_1_116' title='bbox 637 3649 732 3712; x_wconf 90' lang='lat' dir='ltr'><strong>posse</strong></span> <span class='ocrx_word' id='word_1_117' title='bbox 755 3628 794 3692; x_wconf 92' lang='lat' dir='ltr'><strong>ad</strong></span> <span class='ocrx_word' id='word_1_118' title='bbox 818 3628 915 3692; x_wconf 90' lang='lat' dir='ltr'><strong>huius</strong></span> <span class='ocrx_word' id='word_1_119' title='bbox 940 3629 1045 3711; x_wconf 88' lang='lat' dir='ltr'><strong>operis</strong></span> <span class='ocrx_word' id='word_1_120' title='bbox 1071 3650 1221 3692; x_wconf 86' lang='lat' dir='ltr'><strong>versuum</strong></span> <span class='ocrx_word' id='word_1_121' title='bbox 1245 3629 1445 3712; x_wconf 89' lang='lat' dir='ltr'><strong>quorundam</strong></span> <span class='ocrx_word' id='word_1_122' title='bbox 1465 3630 1533 3692; x_wconf 84' lang='lat' dir='ltr'><strong>sire</strong></span> 
     </span>
     <span class='ocr_line' id='line_1_16' title="bbox 314 3734 1532 3820; baseline 0.003 -27"><span class='ocrx_word' id='word_1_123' title='bbox 314 3736 490 3800; x_wconf 62' lang='lat' dir='ltr'><strong>artemiam</strong></span> <span class='ocrx_word' id='word_1_124' title='bbox 518 3734 738 3800; x_wconf 85' lang='lat' dir='ltr'><strong>declarandam</strong></span> <span class='ocrx_word' id='word_1_125' title='bbox 762 3736 830 3799; x_wconf 85' lang='lat' dir='ltr'><strong>sive</strong></span> <span class='ocrx_word' id='word_1_126' title='bbox 853 3736 1045 3819; x_wconf 87' lang='lat' dir='ltr'><strong>scripturam</strong></span> <span class='ocrx_word' id='word_1_127' title='bbox 1071 3734 1309 3820; x_wconf 64' lang='lat' dir='ltr'><strong>stabiliendam</strong></span> <span class='ocrx_word' id='word_1_128' title='bbox 1338 3757 1532 3819; x_wconf 88' lang='lat' dir='ltr'><strong>quamquam</strong></span> 
     </span>
     <span class='ocr_line' id='line_1_17' title="bbox 317 3841 1533 3928; baseline 0.002 -27"><span class='ocrx_word' id='word_1_129' title='bbox 317 3841 401 3903; x_wconf 88' lang='lat' dir='ltr'><strong>multa</strong></span> <span class='ocrx_word' id='word_1_130' title='bbox 426 3865 492 3906; x_wconf 87' lang='lat' dir='ltr'><strong>non</strong></span> <span class='ocrx_word' id='word_1_131' title='bbox 520 3845 595 3905; x_wconf 89' lang='lat' dir='ltr'><strong>sunt</strong></span> <span class='ocrx_word' id='word_1_132' title='bbox 623 3862 705 3925; x_wconf 87' lang='lat' dir='ltr'><strong>quac</strong></span> <span class='ocrx_word' id='word_1_133' title='bbox 733 3843 950 3925; x_wconf 88' lang='lat' dir='ltr'><strong>expromimus</strong></span> <span class='ocrx_word' id='word_1_134' title='bbox 979 3864 1083 3926; x_wconf 90' lang='lat' dir='ltr'><strong>neque</strong></span> <span class='ocrx_word' id='word_1_135' title='bbox 1113 3866 1150 3906; x_wconf 90' lang='lat' dir='ltr'><strong>ea</strong></span> <span class='ocrx_word' id='word_1_136' title='bbox 1178 3864 1295 3928; x_wconf 86' lang='lat' dir='ltr'><strong>magna</strong></span> <span class='ocrx_word' id='word_1_137' title='bbox 1321 3843 1464 3906; x_wconf 85' lang='lat' dir='ltr'><strong>novitate</strong></span> <span class='ocrx_word' id='word_1_138' title='bbox 1487 3841 1533 3905; x_wconf 94' lang='lat' dir='ltr'><strong>in-</strong></span> 
     </span>
     <span class='ocr_line' id='line_1_18' title="bbox 321 3947 1534 4037; baseline 0.004 -30"><span class='ocrx_word' id='word_1_139' title='bbox 321 3951 466 4014; x_wconf 77' lang='lat' dir='ltr'><strong>ventorum</strong></span> <span class='ocrx_word' id='word_1_140' title='bbox 490 3949 631 4034; x_wconf 82' lang='lat' dir='ltr'><strong>insignia</strong></span> <span class='ocrx_word' id='word_1_141' title='bbox 655 3949 710 4014; x_wconf 90' lang='lat' dir='ltr'><strong>sed</strong></span> <span class='ocrx_word' id='word_1_142' title='bbox 733 3948 869 4013; x_wconf 87' lang='lat' dir='ltr'><strong>fortasse</strong></span> <span class='ocrx_word' id='word_1_143' title='bbox 892 3971 930 4013; x_wconf 91' lang='lat' dir='ltr'><strong>eo</strong></span> <span class='ocrx_word' id='word_1_144' title='bbox 955 3949 1085 4037; x_wconf 91' lang='lat' dir='ltr'><strong>nomine</strong></span> <span class='ocrx_word' id='word_1_145' title='bbox 1109 3970 1174 4012; x_wconf 92' lang='lat' dir='ltr'><strong>non</strong></span> <span class='ocrx_word' id='word_1_146' title='bbox 1198 3948 1326 4013; x_wconf 90' lang='lat' dir='ltr'><strong>inutilia</strong></span> <span class='ocrx_word' id='word_1_147' title='bbox 1350 3947 1424 4032; x_wconf 89' lang='lat' dir='ltr'><strong>quia</strong></span> <span class='ocrx_word' id='word_1_148' title='bbox 1448 3970 1534 4012; x_wconf 88' lang='lat' dir='ltr'><strong>com-</strong></span> 
     </span>
    </p>

    <p class='ocr_par' dir='ltr' id='par_1_4' title="bbox 245 4054 1574 4355">
     <span class='ocr_line' id='line_1_19' title="bbox 245 4054 1533 4144; baseline 0.002 -28"><span class='ocrx_word' id='word_1_149' title='bbox 245 4119 246 4144; x_wconf 28' lang='lat'>]</span> <span class='ocrx_word' id='word_1_150' title='bbox 324 4057 437 4130; x_wconf 82' lang='lat' dir='ltr'><strong>ponendi</strong></span> <span class='ocrx_word' id='word_1_151' title='bbox 465 4061 568 4121; x_wconf 88' lang='lat' dir='ltr'><strong>artem</strong></span> <span class='ocrx_word' id='word_1_152' title='bbox 591 4054 781 4120; x_wconf 77' lang='lat' dir='ltr'><strong>Ouidianam</strong></span> <span class='ocrx_word' id='word_1_153' title='bbox 809 4056 842 4119; x_wconf 94' lang='lat' dir='ltr'><strong>in</strong></span> <span class='ocrx_word' id='word_1_154' title='bbox 870 4056 921 4120; x_wconf 92' lang='lat' dir='ltr'><strong>his</strong></span> <span class='ocrx_word' id='word_1_155' title='bbox 946 4055 1140 4120; x_wconf 86' lang='lat' dir='ltr'><strong>carminibus</strong></span> <span class='ocrx_word' id='word_1_156' title='bbox 1165 4058 1303 4120; x_wconf 83' lang='lat' dir='ltr'><strong>maxime</strong></span> <span class='ocrx_word' id='word_1_157' title='bbox 1327 4058 1533 4139; x_wconf 88' lang='lat' dir='ltr'><strong>conspicuam</strong></span> 
     </span>
     <span class='ocr_line' id='line_1_20' title="bbox 327 4160 1574 4247; baseline -0.002 -18"><span class='ocrx_word' id='word_1_158' title='bbox 327 4160 350 4217; x_wconf 67' lang='lat' dir='ltr'><strong>tl</strong></span> <span class='ocrx_word' id='word_1_159' title='bbox 367 4181 435 4244; x_wconf 87' lang='lat' dir='ltr'><strong>quae</strong></span> <span class='ocrx_word' id='word_1_160' title='bbox 459 4185 553 4247; x_wconf 85' lang='lat' dir='ltr'><strong>saepe</strong></span> <span class='ocrx_word' id='word_1_161' title='bbox 572 4163 675 4227; x_wconf 87' lang='lat' dir='ltr'><strong>doctis</strong></span> <span class='ocrx_word' id='word_1_162' title='bbox 695 4186 804 4227; x_wconf 88' lang='lat' dir='ltr'><strong>ansam</strong></span> <span class='ocrx_word' id='word_1_163' title='bbox 824 4185 968 4227; x_wconf 91' lang='lat' dir='ltr'><strong>errorum</strong></span> <span class='ocrx_word' id='word_1_164' title='bbox 988 4162 1111 4227; x_wconf 86' lang='lat' dir='ltr'><strong>dederit</strong></span> <span class='ocrx_word' id='word_1_165' title='bbox 1129 4185 1194 4225; x_wconf 91' lang='lat' dir='ltr'><strong>uno</strong></span> <span class='ocrx_word' id='word_1_166' title='bbox 1214 4168 1246 4226; x_wconf 88' lang='lat' dir='ltr'><strong>et</strong></span> <span class='ocrx_word' id='word_1_167' title='bbox 1266 4162 1365 4226; x_wconf 88' lang='lat' dir='ltr'><strong>altero</strong></span> <span class='ocrx_word' id='word_1_168' title='bbox 1385 4163 1532 4246; x_wconf 83' lang='lat' dir='ltr'><strong>exemplo</strong></span> <span class='ocrx_word' id='word_1_169' title='bbox 1548 4188 1574 4226; x_wconf 83' lang='lat' dir='ltr'><strong>ro</strong></span> 
     </span>
     <span class='ocr_line' id='line_1_21' title="bbox 329 4259 1020 4355; baseline -0.003 -20"><span class='ocrx_word' id='word_1_170' title='bbox 329 4259 459 4335; x_wconf 70' lang='lat' dir='ltr'><strong>ilustrare</strong></span> <span class='ocrx_word' id='word_1_171' title='bbox 483 4271 652 4355; x_wconf 80' lang='lat' dir='ltr'><strong>contingit.</strong></span> <span class='ocrx_word' id='word_1_172' title='bbox 695 4268 779 4333; x_wconf 85' lang='lat' dir='ltr'><strong>Sunt</strong></span> <span class='ocrx_word' id='word_1_173' title='bbox 801 4274 909 4334; x_wconf 89' lang='lat' dir='ltr'><strong>autem</strong></span> <span class='ocrx_word' id='word_1_174' title='bbox 933 4269 1020 4333; x_wconf 86' lang='lat' dir='ltr'><strong>haec.</strong></span> 
     </span>
    </p>

    <p class='ocr_par' dir='ltr' id='par_1_5' title="bbox 332 4375 1532 4656">
     <span class='ocr_line' id='line_1_22' title="bbox 396 4375 1532 4461; baseline 0 -22"><span class='ocrx_word' id='word_1_175' title='bbox 396 4380 419 4440; x_wconf 92' lang='lat'><strong>1.</strong></span> <span class='ocrx_word' id='word_1_176' title='bbox 455 4376 492 4442; x_wconf 96' lang='lat' dir='ltr'><strong>In</strong></span> <span class='ocrx_word' id='word_1_177' title='bbox 515 4376 685 4441; x_wconf 83' lang='lat' dir='ltr'><strong>Fastorum</strong></span> <span class='ocrx_word' id='word_1_178' title='bbox 709 4377 813 4460; x_wconf 90' lang='lat' dir='ltr'><strong>primo</strong></span> <span class='ocrx_word' id='word_1_179' title='bbox 837 4380 933 4461; x_wconf 90' lang='lat' dir='ltr'><strong>poeta</strong></span> <span class='ocrx_word' id='word_1_180' title='bbox 952 4399 1025 4441; x_wconf 91' lang='lat' dir='ltr'><strong>cum</strong></span> <span class='ocrx_word' id='word_1_181' title='bbox 1045 4375 1159 4440; x_wconf 89' lang='lat' dir='ltr'><strong>alano</strong></span> <span class='ocrx_word' id='word_1_182' title='bbox 1180 4399 1260 4459; x_wconf 85' lang='lat' dir='ltr'><strong>quae</strong></span> <span class='ocrx_word' id='word_1_183' title='bbox 1280 4376 1421 4440; x_wconf 84' lang='lat' dir='ltr'><strong>esturmi</strong></span> <span class='ocrx_word' id='word_1_184' title='bbox 1441 4376 1532 4461; x_wconf 80' lang='lat' dir='ltr'><strong>origo</strong></span> 
     </span>
     <span class='ocr_line' id='line_1_23' title="bbox 334 4472 1532 4567; baseline 0.004 -25"><span class='ocrx_word' id='word_1_185' title='bbox 334 4472 431 4548; x_wconf 79' lang='lat' dir='ltr'><strong>initium</strong></span> <span class='ocrx_word' id='word_1_186' title='bbox 455 4485 560 4567; x_wconf 89' lang='lat' dir='ltr'><strong>capiat</strong></span> <span class='ocrx_word' id='word_1_187' title='bbox 583 4484 752 4547; x_wconf 89' lang='lat' dir='ltr'><strong>sollemnia</strong></span> <span class='ocrx_word' id='word_1_188' title='bbox 775 4482 914 4548; x_wconf 86' lang='lat' dir='ltr'><strong>calendis</strong></span> <span class='ocrx_word' id='word_1_189' title='bbox 938 4481 1096 4547; x_wconf 88' lang='lat' dir='ltr'><strong>Ianuariis</strong></span> <span class='ocrx_word' id='word_1_190' title='bbox 1115 4485 1184 4547; x_wconf 90' lang='lat' dir='ltr'><strong>fieri</strong></span> <span class='ocrx_word' id='word_1_191' title='bbox 1204 4485 1299 4547; x_wconf 88' lang='lat' dir='ltr'><strong>solita</strong></span> <span class='ocrx_word' id='word_1_192' title='bbox 1318 4482 1368 4546; x_wconf 88' lang='lat' dir='ltr'><strong>his</strong></span> <span class='ocrx_word' id='word_1_193' title='bbox 1388 4482 1532 4547; x_wconf 82' lang='lat' dir='ltr'><strong>versibus</strong></span> 
     </span>
     <span class='ocr_line' id='line_1_24' title="bbox 332 4576 459 4656; baseline 0.079 -10"><span class='ocrx_word' id='word_1_194' title='bbox 332 4576 459 4656; x_wconf 75' lang='lat' dir='ltr'><strong>describit.</strong></span> 
     </span>
    </p>

    <p class='ocr_par' dir='ltr' id='par_1_6' title="bbox 383 4693 1181 4779">
     <span class='ocr_line' id='line_1_25' title="bbox 383 4693 1181 4779; baseline 0.003 -21"><span class='ocrx_word' id='word_1_195' title='bbox 383 4693 415 4758; x_wconf 75' lang='lat' dir='ltr'><strong>li)</strong></span> <span class='ocrx_word' id='word_1_196' title='bbox 459 4698 571 4763; x_wconf 60' lang='lat' dir='ltr'><strong>Cernis</strong></span> <span class='ocrx_word' id='word_1_197' title='bbox 592 4698 731 4763; x_wconf 82' lang='lat' dir='ltr'><strong>odoratis</strong></span> <span class='ocrx_word' id='word_1_198' title='bbox 753 4704 787 4761; x_wconf 80' lang='lat' dir='ltr'><strong>ut</strong></span> <span class='ocrx_word' id='word_1_199' title='bbox 809 4698 908 4762; x_wconf 72' lang='lat' dir='ltr'><strong>lurcect</strong></span> <span class='ocrx_word' id='word_1_200' title='bbox 933 4698 1055 4779; x_wconf 71' lang='lat' dir='ltr'><strong>ipnibus</strong></span> <span class='ocrx_word' id='word_1_201' title='bbox 1075 4699 1181 4778; x_wconf 65' lang='grc'><strong>,11111111</strong></span> 
     </span>
    </p>

    <p class='ocr_par' dir='ltr' id='par_1_7' title="bbox 305 4805 1574 5424">
     <span class='ocr_line' id='line_1_26' title="bbox 503 4805 1183 4886; baseline -0.003 -17"><span class='ocrx_word' id='word_1_202' title='bbox 503 4805 546 4869; x_wconf 74' lang='lat' dir='ltr'><strong>Et</strong></span> <span class='ocrx_word' id='word_1_203' title='bbox 568 4811 653 4869; x_wconf 74' lang='lat' dir='ltr'><strong>sonet</strong></span> <span class='ocrx_word' id='word_1_204' title='bbox 675 4806 811 4869; x_wconf 73' lang='lat' dir='ltr'><strong>acrotsis</strong></span> <span class='ocrx_word' id='word_1_205' title='bbox 832 4807 919 4886; x_wconf 82' lang='lat' dir='ltr'><strong>spica</strong></span> <span class='ocrx_word' id='word_1_206' title='bbox 945 4805 1061 4869; x_wconf 82' lang='lat' dir='ltr'><strong>Cilissa</strong></span> <span class='ocrx_word' id='word_1_207' title='bbox 1083 4806 1183 4886; x_wconf 73' lang='lat' dir='ltr'><strong>focis?</strong></span> 
     </span>
     <span class='ocr_line' id='line_1_27' title="bbox 459 4912 1312 4993; baseline -0.001 -17"><span class='ocrx_word' id='word_1_208' title='bbox 459 4912 613 4976; x_wconf 81' lang='lat' dir='ltr'><strong>Flamma</strong></span> <span class='ocrx_word' id='word_1_209' title='bbox 636 4914 735 4976; x_wconf 81' lang='lat' dir='ltr'><strong>nitore</strong></span> <span class='ocrx_word' id='word_1_210' title='bbox 757 4932 812 4977; x_wconf 88' lang='lat' dir='ltr'><strong>suc</strong></span> <span class='ocrx_word' id='word_1_211' title='bbox 835 4912 1015 4993; x_wconf 75' lang='lat' dir='ltr'><strong>templorum</strong></span> <span class='ocrx_word' id='word_1_212' title='bbox 1041 4912 1178 4977; x_wconf 65' lang='lat' dir='ltr'><strong>certmst</strong></span> <span class='ocrx_word' id='word_1_213' title='bbox 1200 4934 1312 4977; x_wconf 80' lang='lat' dir='ltr'><strong>aurum</strong></span> 
     </span>
     <span class='ocr_line' id='line_1_28' title="bbox 501 5019 1305 5101; baseline -0.001 -18"><span class='ocrx_word' id='word_1_214' title='bbox 501 5020 548 5084; x_wconf 84' lang='lat' dir='ltr'><strong>Et</strong></span> <span class='ocrx_word' id='word_1_215' title='bbox 569 5019 734 5084; x_wconf 79' lang='lat' dir='ltr'><strong>tremulum</strong></span> <span class='ocrx_word' id='word_1_216' title='bbox 757 5039 881 5083; x_wconf 80' lang='lat' dir='ltr'><strong>sunrmc</strong></span> <span class='ocrx_word' id='word_1_217' title='bbox 904 5021 1027 5101; x_wconf 73' lang='lat' dir='ltr'><strong>spcrpit</strong></span> <span class='ocrx_word' id='word_1_218' title='bbox 1051 5021 1083 5082; x_wconf 82' lang='grc'><strong>111</strong></span> <span class='ocrx_word' id='word_1_219' title='bbox 1108 5020 1183 5083; x_wconf 83' lang='lat' dir='ltr'><strong>aede</strong></span> <span class='ocrx_word' id='word_1_220' title='bbox 1207 5020 1305 5082; x_wconf 75' lang='lat' dir='ltr'><strong>irrbcr.</strong></span> 
     </span>
     <span class='ocr_line' id='line_1_29' title="bbox 465 5126 1186 5207; baseline 0.001 -18"><span class='ocrx_word' id='word_1_221' title='bbox 465 5126 604 5191; x_wconf 74' lang='lat' dir='ltr'><strong>Vestebus</strong></span> <span class='ocrx_word' id='word_1_222' title='bbox 625 5128 753 5191; x_wconf 79' lang='lat' dir='ltr'><strong>intactis</strong></span> <span class='ocrx_word' id='word_1_223' title='bbox 777 5127 931 5207; x_wconf 77' lang='lat' dir='ltr'><strong>Tarpeios</strong></span> <span class='ocrx_word' id='word_1_224' title='bbox 955 5128 1019 5190; x_wconf 82' lang='lat' dir='ltr'><strong>itu-r</strong></span> <span class='ocrx_word' id='word_1_225' title='bbox 1043 5128 1076 5189; x_wconf 81' lang='grc'><strong>111</strong></span> <span class='ocrx_word' id='word_1_226' title='bbox 1100 5147 1186 5190; x_wconf 79' lang='lat' dir='ltr'><strong>arces</strong></span> 
     </span>
     <span class='ocr_line' id='line_1_30' title="bbox 305 5227 1574 5320; baseline -0.004 -24"><span class='ocrx_word' id='word_1_227' title='bbox 305 5227 319 5283; x_wconf 74' lang='lat'><strong>⁴</strong></span> <span class='ocrx_word' id='word_1_228' title='bbox 384 5229 420 5296; x_wconf 83' lang='lat'><strong>80</strong></span> <span class='ocrx_word' id='word_1_229' title='bbox 505 5234 551 5297; x_wconf 87' lang='lat' dir='ltr'><strong>Et</strong></span> <span class='ocrx_word' id='word_1_230' title='bbox 567 5234 703 5316; x_wconf 81' lang='lat' dir='ltr'><strong>populus</strong></span> <span class='ocrx_word' id='word_1_231' title='bbox 723 5235 800 5314; x_wconf 74' lang='lat' dir='ltr'><strong>festo</strong></span> <span class='ocrx_word' id='word_1_232' title='bbox 823 5234 959 5298; x_wconf 76' lang='lat' dir='ltr'><strong>concolor</strong></span> <span class='ocrx_word' id='word_1_233' title='bbox 984 5236 1048 5315; x_wconf 82' lang='lat' dir='ltr'><strong>ipse</strong></span> <span class='ocrx_word' id='word_1_234' title='bbox 1070 5255 1125 5297; x_wconf 82' lang='lat' dir='ltr'><strong>suo</strong></span> <span class='ocrx_word' id='word_1_235' title='bbox 1148 5240 1219 5313; x_wconf 74' lang='lat' dir='ltr'><strong>ast</strong></span> <span class='ocrx_word' id='word_1_236' title='bbox 1443 5252 1447 5260; x_wconf 56' lang='lat'>³</span> <span class='ocrx_word' id='word_1_237' title='bbox 1477 5316 1479 5320; x_wconf 23' lang='grc' dir='ltr'>Ι</span> <span class='ocrx_word' id='word_1_238' title='bbox 1547 5254 1574 5292; x_wconf 82' lang='lat' dir='ltr'><strong>ro</strong></span> 
     </span>
     <span class='ocr_line' id='line_1_31' title="bbox 460 5333 1493 5424; baseline -0.003 -20"><span class='ocrx_word' id='word_1_239' title='bbox 460 5341 590 5424; x_wconf 79' lang='lat' dir='ltr'><strong>Iamque</strong></span> <span class='ocrx_word' id='word_1_240' title='bbox 611 5342 685 5406; x_wconf 78' lang='lat' dir='ltr'><strong>noui</strong></span> <span class='ocrx_word' id='word_1_241' title='bbox 701 5346 855 5422; x_wconf 72' lang='lat' dir='ltr'><strong>praeerat</strong></span> <span class='ocrx_word' id='word_1_242' title='bbox 875 5342 988 5421; x_wconf 72' lang='lat' dir='ltr'><strong>fasces,</strong></span> <span class='ocrx_word' id='word_1_243' title='bbox 1011 5362 1090 5405; x_wconf 78' lang='lat' dir='ltr'><strong>nora</strong></span> <span class='ocrx_word' id='word_1_244' title='bbox 1113 5361 1258 5421; x_wconf 77' lang='lat' dir='ltr'><strong>prrrpcra</strong></span> <span class='ocrx_word' id='word_1_245' title='bbox 1280 5338 1389 5419; x_wconf 74' lang='lat' dir='ltr'><strong>fulpet,</strong></span> <span class='ocrx_word' id='word_1_246' title='bbox 1491 5333 1493 5339; x_wconf 72' lang='grc'><strong>’</strong></span> 
     </span>
    </p>
   </div>
   <div class='ocr_carea' id='block_1_4' title="bbox 368 5448 1317 5505">
    <p class='ocr_par' dir='ltr' id='par_1_8' title="bbox 368 5448 1317 5505">
     <span class='ocr_line' id='line_1_32' title="bbox 368 5448 1317 5505; baseline 0.003 -15"><span class='ocrx_word' id='word_1_247' title='bbox 368 5448 481 5495; x_wconf 75' lang='lat' dir='ltr'><strong>Vatreni</strong></span> <span class='ocrx_word' id='word_1_248' title='bbox 494 5456 605 5505; x_wconf 75' lang='lat' dir='ltr'><strong>opuscula</strong></span> <span class='ocrx_word' id='word_1_249' title='bbox 620 5455 650 5495; x_wconf 89' lang='lat'><strong>11.</strong></span> <span class='ocrx_word' id='word_1_250' title='bbox 1301 5450 1317 5493; x_wconf 87' lang='lat' dir='ltr'><strong>b</strong></span> 
     </span>
    </p>
   </div>
   <div class='ocr_carea' id='block_1_5' title="bbox 0 0 1977 6675">
    <p class='ocr_par' dir='ltr' id='par_1_9' title="bbox 0 0 1977 6675">
     <span class='ocr_line' id='line_1_33' title="bbox 0 0 1977 6675; baseline 0 0"><span class='ocrx_word' id='word_1_251' title='bbox 0 0 1977 6675; x_wconf 95' lang='lat' dir='ltr'><strong> </strong></span> 
     </span>
    </p>
   </div>
  </div>
 </body>
</html>
