3925 6675
735 1074 784 1123 DE
803 1072 986 1124 EURIPIDIS
1004 1072 1183 1124 HERCULE.
1526 1069 1570 1133 55

326 1234 509 1298 liberorum
538 1237 665 1298 tantum
693 1235 806 1300 caedes
834 1255 871 1298 ac
900 1256 965 1299 nou
988 1235 1089 1318 ipsius
1115 1255 1244 1317 quoque
1267 1238 1300 1298 et
1323 1231 1569 1317 Amphitryonis

323 1345 498 1426 ageretur3
522 1362 604 1424 quae
627 1346 734 1405 tamen
757 1341 866 1405 statim
890 1341 999 1405 omnia
1022 1339 1236 1423 complectens
1261 1342 1346 1404 dicat

497 1443 524 1512 ὧ
548 1446 649 1530 τέκν’,
671 1447 823 1532 ἀγόμεθα
847 1451 959 1531 ζεῦγος
982 1447 1150 1512 eductor
1173 1459 1315 1530 νεκρῶν,

497 1553 583 1637 ὁμοῦ
606 1555 760 1638 γέροντες
782 1552 837 1618 καὶ
861 1553 931 1618 νέοι
955 1555 1009 1618 καὶ
1032 1552 1178 1639 μητέρες.

325 1662 379 1724 At
403 1660 455 1724 his
479 1682 589 1724 rursus
613 1682 694 1744 quae
718 1661 934 1725 subiiciuntur
957 1658 1111 1745 (cocsq.)

497 1763 523 1832 ὧ
547 1777 648 1851 μοῖρα
671 1765 865 1832 δυστάλαιν’
891 1766 952 1848 έμή
975 1767 1087 1831 τεκαὶ
1111 1766 1237 1832 τέκνων

496 1872 607 1956 τῶνδ’,
631 1873 690 1950 οὓς
714 1872 901 1939 πανύστατ’
922 1876 1068 1958 ὄμμασιν
1091 1873 1352 1958 προσδέρκομαι,

321 1982 390 2065 qui
420 1981 605 2061 attenderit,
633 1985 766 2045 matrem
794 1980 957 2045 ridebitur
979 1981 1090 2045 audire
1113 2003 1194 2064 quae
1219 1981 1281 2046 sibi
1305 1981 1390 2046 filios
1414 2003 1494 2064 quos
1519 2004 1571 2064 pc·

327 2089 455 2171 pererit
473 2087 615 2151 violenta
633 2109 710 2152 nece
728 2088 847 2151 auferri
866 2091 1090 2171 conqueratur,
1108 2110 1175 2153 non
1194 2110 1275 2172 quac
1294 2090 1364 2172 ipsa
1384 2088 1480 2152 simul
1499 2110 1572 2152 cum

329 2194 376 2258 iis
404 2199 541 2258 mortem
569 2193 698 2258 obitura
721 2195 772 2259 sit.
813 2194 857 2259 nt
885 2197 946 2259 hoc
975 2217 1033 2279 per
1060 2197 1196 2279 primam
1225 2200 1350 2280 partem
1373 2194 1501 2260 fabulae
1524 2196 1570 2259 ita
1586 2221 1611 2260 ro

325 2306 558 2384 comparatum
581 2305 645 2384 est,
667 2307 712 2384 ut,
736 2302 883 2385 quamvis
906 2302 1027 2377 παῖδας
1046 2299 1263 2386 Ἡρακλείους
1285 2325 1349 2366 una
1372 2323 1445 2367 cum
1469 2306 1573 2366 matre

325 2414 368 2474 et
390 2409 492 2493 patris
515 2412 608 2491 patre
631 2409 761 2492 tyranni
785 2409 935 2493 superbia
957 2408 1090 2473 acerbae
1115 2410 1212 2473 morti
1232 2408 1373 2492 obiiciat,
1396 2414 1502 2473 tamen
1523 2409 1571 2473 illi

324 2516 415 2581 adeo
445 2516 559 2580 ceteris
588 2518 768 2600 superiores
797 2519 876 2599 sint,
903 2522 940 2581 ut
968 2538 1062 2600 saepe
1091 2516 1152 2580 soli
1176 2515 1392 2600 appellentur,
1420 2515 1509 2580 relut
1531 2516 1573 2578 ab

328 2621 574 2706 Amphitryone
598 2645 626 2686 r.
646 2622 709 2688 317
726 2645 750 2686 ε.
774 2628 806 2687 et
829 2623 909 2708 343,
931 2627 988 2687 aut
1012 2645 1031 2686 a
1054 2622 1183 2687 senibus
1207 2622 1298 2687 chori
1322 2645 1350 2686 v.
1369 2622 1437 2686 430
1460 2621 1573 2706 στέγαι

332 2728 364 2794 δ’
386 2726 504 2813 ἔρημοι
524 2731 642 2813 φίλων,
661 2731 722 2794 τάν
741 2728 771 2794 δ’
794 2729 976 2813 ἀνόστιμον
995 2728 1120 2794 τέκνων
1135 2730 1292 2811 Χάρωνος
1306 2727 1452 2813 ἐπιμένει
1466 2728 1573 2795 πλάτα

331 2816 414 2921 μέλον
438 2835 603 2901 κέλευθον
625 2837 731 2901 άδεον
753 2837 872 2901 ἄδικον
895 2842 928 2899 et
945 2836 1022 2918 439,
1045 2841 1077 2898 et
1100 2837 1151 2899 vel
1170 2835 1216 2899 ibi
1234 2836 1291 2900 ubi
1310 2841 1374 2900 tres
1394 2840 1501 2919 partes
1521 2836 1574 2900 de-

332 2944 523 3029 signantur,
550 2946 660 3008 tamen
687 2965 804 3028 pueros
832 2943 1034 3027 potissimam
1063 2964 1145 3025 esse,
1173 2947 1210 3006 ut
1233 2948 1336 3025 erant,
1365 2947 1572 3028 agnoscatur:

288 3075 314 3130 ς
334 3049 450 3135 quales
474 3055 549 3114 sunt
573 3071 682 3114 versus
705 3049 749 3113 39
772 3054 806 3114 et
828 3051 882 3132 47,
904 3049 943 3113 de
967 3049 1085 3133 quibus
1107 3050 1170 3114 hoc
1194 3050 1280 3133 quod
1304 3049 1453 3114 volumus
1473 3049 1573 3114 Wila-

333 3158 518 3222 mowitaius
542 3157 612 3240 ipse
635 3156 811 3239 adnotavit,
834 3161 866 3220 et
889 3180 970 3241 qnae
990 3156 1146 3221 Hercules
1165 3179 1214 3221 rr.
1234 3156 1357 3239 574sq.
1377 3156 1440 3221 577
1461 3161 1493 3220 et
1507 3156 1574 3221 580

332 3265 416 3328 dicit
445 3263 647 3328 memorabili
675 3265 831 3328 varietate
859 3287 935 3328 usus
963 3264 1020 3328 sed
1046 3267 1084 3327 ut
1110 3261 1230 3328 liberos
1259 3264 1437 3349 principem
1465 3266 1572 3328 locum
1588 3291 1615 3330 ro

333 3372 483 3436 obtinere
502 3376 663 3456 appareat.
700 3370 802 3436 Porro
817 3371 948 3457 Megara
966 3371 1043 3436 filiis
1062 3370 1211 3435 funebria
1230 3377 1266 3435 ut
1285 3372 1450 3455 impertire
1465 3371 1575 3436 liceret

331 3479 499 3564 flagitarit
518 3501 546 3543 r.
566 3477 632 3541 329
651 3480 778 3561 κόσμον
795 3479 897 3561 πάρες
915 3503 972 3562 μοι
992 3476 1086 3543 παισὶ
1106 3484 1305 3561 προσθεῖναι
1325 3490 1575 3563 corporeoque

333 3586 458 3650 vestitu
480 3584 611 3649 indutos
634 3584 754 3650 liberos
778 3588 984 3669 conspicatur
1003 3584 1159 3649 Hercules
1177 3608 1206 3648 r.
1222 3584 1287 3648 525
1306 3587 1340 3649 τί
1356 3596 1464 3669 χρῆμα
1482 3584 1576 3651 τέκν’

330 3691 404 3775 ὁρῶ
436 3693 502 3774 πρὸ
536 3692 699 3772 δωμάτων
730 3695 903 3776 στολμοῖσι
934 3703 1063 3775 νεκρῶν
1095 3704 1216 3774 κρᾶτας
1249 3689 1476 3775 ἐξεστεμμένα,
1508 3692 1574 3757 548

334 3802 459 3879 κόσμος
477 3798 515 3862 δὲ
534 3799 664 3863 παίδων
682 3800 732 3874 τίς
750 3799 806 3863 ὅδε
825 3798 994 3882 νερτέροις
1013 3797 1160 3881 πρέπων,
1178 3802 1331 3883 putamus
1346 3799 1431 3862 enim
1445 3800 1575 3865 παίδων

335 3909 424 3970 recte
443 3905 600 3989 scriptum
620 3926 689 3969 esse
707 3927 811 3989 neque
826 3908 998 3989 quicquam
1014 3905 1218 3969 efficiendum
1233 3928 1272 3968 ex
1288 3927 1325 3968 eo
1340 3906 1428 3989 quod
1441 3904 1577 3970 πέπλων

334 4015 371 4077 in
396 4010 506 4076 codice
529 4032 637 4074 errore
660 4016 826 4076 exaratum
850 4017 899 4076 est
923 4035 982 4096 pro
1002 4011 1189 4098 πρέπων*);
1213 4034 1316 4095 neque
1335 4012 1471 4097 impedit
1490 4014 1576 4095 quod

335 4118 470 4205 Megara
488 4119 703 4204 interroganti
722 4118 779 4182 illa
797 4117 930 4184 Herculi
949 4120 1121 4204 respondet
1139 4119 1296 4183 θανάτου
1310 4117 1380 4183 τάδ’
1404 4120 1466 4202 ἥδη
1485 4142 1576 4204 περι-

296 4215 301 4221 ’
334 4223 445 4308 βόλαά
473 4224 655 4308 ένήμμεθα,
679 4231 734 4290 ant
757 4225 844 4309 quod
868 4225 984 4309 Lycus,
1007 4247 1080 4289 cum
1099 4224 1248 4311 Megarae
1271 4225 1334 4289 boc
1356 4228 1479 4310 petenti
1503 4248 1576 4289 eon-

338 4332 437 4416 cedit,
468 4333 647 4418 generatim
678 4333 776 4396 verba
807 4332 886 4397 facit
914 4332 978 4395 333
1012 4330 1187 4416 κοσμεῖσθ’
1222 4329 1286 4396 ἔσω
1319 4334 1476 4412 μολόντες
1506 4338 1575 4416 κτλ,
1590 4363 1619 4403 30

339 4437 423 4503 idem
445 4438 511 4503 702
520 4460 567 4521 sq.
600 4443 713 4522 Itaque
733 4444 770 4503 ut
787 4461 878 4503 senes
898 4438 1043 4503 Thebani
1063 4461 1097 4503 se
1115 4438 1320 4503 advenientes
1339 4439 1468 4503 funesta
1486 4444 1575 4504 veste

427 4703 491 4771 ⁸27)
512 4700 746 4757 Wilamowitsius
765 4701 840 4757 enim
860 4703 934 4755 hunc
954 4720 1064 4756 versum
1083 4702 1174 4757 edidit

590 4788 693 4861 κόσμος
711 4789 743 4845 δὲ
761 4790 874 4846 πέπλων
892 4788 934 4853 τίς
953 4788 1000 4846 ὅδε
1021 4790 1160 4859 νερτέροις
1178 4788 1294 4860 πρέπων

342 4876 452 4934 πέπλων
470 4883 531 4949 (pro
550 4877 672 4949 παίδων)
691 4880 843 4935 restituens
858 4881 917 4934 aive
930 4880 1069 4949 recipiens
1085 4880 1161 4949 quod
1175 4882 1207 4934 A.
1222 4880 1367 4934 Nauclrius
1383 4882 1412 4933 in
1427 4881 1478 4934 illa
1492 4881 1577 4934 docta

344 4983 459 5024 namura
475 4968 568 5038 operis
583 4968 834 5024 Wilamowitaiani
853 4970 883 5023 in
902 4968 982 5023 libris
1002 4969 1172 5038 quibusdam
1186 4969 1300 5038 scriptia
1316 4972 1344 5022 et
1358 4969 1503 5037 impressis
1518 4967 1577 5037 legi

245 5112 247 5131 ,
345 5058 468 5113 aaut.
502 5057 557 5113 Sed
576 5058 651 5127 qnod
669 5058 700 5112 in
719 5062 842 5113 extremo
862 5075 941 5113 versu
961 5057 1074 5114 πέπλων
1088 5059 1224 5127 scriptum
1239 5061 1282 5113 est
1297 5058 1326 5112 in
1341 5059 1446 5125 codice,
1465 5059 1495 5112 in
1510 5074 1578 5125 apo-

245 5189 247 5214 ,
344 5146 455 5215 graphia
474 5150 631 5201 correctum
649 5146 773 5215 πρέπων,
792 5148 818 5201 ei
837 5148 924 5201 errori
942 5163 977 5201 ne
997 5146 1115 5201 nimium
1133 5147 1284 5215 tribuatur,
1305 5166 1327 5201 r.
1344 5153 1395 5200 925

245 5219 248 5248 ’
590 5236 674 5308 χορός
692 5237 723 5291 δὲ
742 5234 932 5305 καλλίμορφος
950 5235 1070 5304 εἱστήκει
1087 5234 1201 5291 πέπλων

245 5309 246 5318 ’
345 5329 485 5380 mum
505 5326 597 5379 estin
617 5326 723 5393 codice,
742 5340 761 5380 a
778 5323 899 5380 cantero
917 5326 1083 5380 restitutum
1100 5325 1214 5381 τέκνων.
