3925 6675
387 1118 456 1182 424
584 1121 654 1171 LIV.
674 1121 790 1171 INDEX
808 1115 1022 1172 menonem
1041 1121 1282 1172 HIBERNARUM
1293 1123 1369 1174 ,1901
1374 1119 1433 1190 102,

390 1282 518 1365 firmati,
541 1286 579 1346 ut
601 1276 665 1346 iam
689 1281 918 1347 eonelndarnns
936 1303 1018 1366 quae
1038 1282 1200 1346 effecimus
1218 1282 1424 1368 disputando,
1445 1281 1493 1347 eie
1512 1281 1625 1346 statui·

389 1410 462 1453 mus
485 1410 613 1454 versum
636 1387 918 1454 Menaechmorum
944 1387 1008 1452 152
1036 1389 1082 1452 ita
1110 1387 1266 1474 seriptum
1294 1388 1394 1454 fuisse
1422 1390 1455 1452 et
1484 1387 1530 1451 ita
1552 1406 1625 1453 esse

390 1495 618 1560 dimetiendum

528 1601 620 1668 etam
637 1603 765 1668 uiuerent
779 1608 824 1667 est
834 1603 891 1668 ulu'
906 1603 1080 1685 sepulerum
1098 1603 1228 1668 hebrum
1242 1608 1333 1685 utque
1349 1602 1431 1666 tuuc
1446 1601 1625 1667 metuam

1247 1709 1338 1774 diem.

482 1814 545 1880 Sed
568 1816 755 1900 priusquam
778 1816 841 1881 hoo
863 1819 1086 1902 argumentum
1111 1815 1338 1900 relinquamus,
1360 1814 1557 1880 redeundum
1576 1817 1627 1880 est

391 1923 558 2008 paulisper
586 1922 626 1987 ad
652 1944 764 1988 versus
791 1921 1000 1988 Terentianus
1028 1923 1067 1987 de
1092 1921 1214 1986 Andria
1242 1944 1324 2006 quos
1351 1923 1535 2001 attulimus;
1568 1921 1625 2006 qui

394 2029 471 2114 quia
498 2029 593 2094 nobis
621 2029 656 2094 in
683 2051 779 2094 versu
805 2029 957 2094 Plautino
989 2029 1157 2095 tractando
1185 2029 1333 2114 inprimis
1361 2029 1458 2095 utiles
1485 2028 1627 2112 fuerunt,

394 2157 532 2220 aequum
561 2141 611 2200 est
638 2158 698 2202 nos
726 2137 766 2201 iis
795 2136 857 2201 hoo
885 2136 994 2220 aliquo
1023 2135 1164 2200 subsidio
1193 2136 1220 2199 si
1251 2129 1422 2221 possumus
1445 2135 1627 2221 rependere.

354 2267 380 2308 ro
393 2242 432 2308 ln
455 2242 654 2308 l'leolreiseni
677 2245 762 2308 enim
785 2243 926 2307 editione
945 2242 1086 2307 Terentii
1110 2245 1211 2308 ultera
1229 2265 1257 2308 v.
1275 2243 1337 2307 117
1358 2244 1405 2308 sie
1427 2243 1547 2330 legitur
1564 2243 1628 2308 Eo·

391 2352 494 2432 serum
520 2353 618 2429 iratus,
646 2373 719 2416 oum
747 2351 782 2413 in
809 2349 902 2414 libris
931 2351 987 2434 qui
1015 2353 1143 2416 exstant
1170 2349 1370 2415 Terentianis
1401 2349 1555 2435 seriptum
1583 2351 1628 2414 sit

394 2457 542 2538 Eu‘ertm
560 2458 650 2522 imus.
683 2456 772 2533 Quae
790 2461 841 2520 ent
858 2477 934 2521 sane
952 2458 1090 2522 mutatio
1109 2456 1229 2540 pusilla
1247 2455 1427 2537 admodum,
1446 2457 1502 2524 sed
1520 2455 1627 2520 riden-

395 2562 471 2627 dum
486 2568 591 2628 estne
605 2563 714 2627 eadem
729 2564 773 2627 ait
787 2564 971 2648 corruptela
984 2565 1120 2650 gravior.
1145 2561 1182 2628 ld
1198 2566 1293 2648 quale
1308 2563 1351 2629 sit
1364 2569 1401 2628 ut
1416 2565 1629 2649 cognoscatur

395 2675 428 2737 et
445 2674 532 2736 reete
546 2670 748 2753 diiudicetur,
766 2691 895 2735 neeesse
909 2674 959 2735 eet
972 2671 1041 2735 eiua
1056 2671 1250 2736 narrationis
1264 2675 1408 2736 tenorem
1421 2671 1628 2755 explicemus.

444 2776 507 2841 105
532 2776 661 2861 Clupeis
682 2777 1172 2842 oieiuutueomorttur·--
1295 2821 1297 2824 -
1643 2782 1683 2840 lt

444 2884 508 2950 115
531 2885 662 2967 Eponaet
683 2905 800 2968 quoque
821 2885 888 2950 eiua
910 2903 1007 2950 eausa
1029 2887 1065 2949 iu
1085 2887 1184 2966 fuuus
1200 2885 1317 2968 prodeo

532 2991 591 3056 Nat
608 2994 773 3074 nummus
790 2993 885 3056 urum
903 2991 990 3056 moli.
1022 2991 1086 3058 SO.
1113 2995 1193 3056 Hem
1210 2993 1289 3075 quid
1305 2993 1342 3056 iet
1358 2993 1426 3058 eet?
1459 2991 1512 3057 SI.
1537 2989 1629 3057 Sotee.

444 3100 508 3163 117
532 3098 723 3181 Refertur,
746 3102 851 3165 imus.
896 3102 1015 3164 interea
1037 3101 1119 3164 iuter
1142 3099 1292 3178 mutieres,

537 3207 623 3288 Quoue
646 3207 690 3272 ui
712 3207 853 3284 morat,
874 3207 955 3288 [orte
976 3226 1075 3270 urtam
1098 3206 1216 3288 aspide
1239 3205 1500 3272 aduesceuuom

357 3336 385 3377 ro
533 3313 653 3379 Formo
676 3312 740 3379 SO.
763 3311 857 3378 Bono
877 3313 1032 3396 fortusse?
1080 3311 1131 3377 SI.
1160 3313 1299 3393 duotu,
1323 3313 1425 3396 Sosia,

445 3420 510 3486 120
532 3421 620 3485 Adeo
644 3422 785 3503 modesto,
808 3422 885 3486 odeo
907 3427 1040 3500 neruda,
1063 3427 1098 3485 ut
1119 3421 1167 3485 uu
1188 3441 1295 3503 uepru.

537 3528 624 3608 Quae
645 3533 710 3591 tum
734 3528 814 3592 mihi
836 3528 1006 3592 lumeuori
1022 3534 1149 3611 praeter
1172 3534 1285 3594 ceterae

540 3635 652 3711 Visae,
675 3639 703 3697 et
725 3634 802 3715 quio
824 3640 891 3699 erut
911 3635 1018 3716 forma
1034 3641 1161 3717 moder
1182 3641 1296 3701 ederae

534 3740 675 3806 Houerte
697 3761 735 3805 ae
757 3740 888 3820 literali,
911 3742 1020 3806 uocedo
1041 3743 1087 3806 ud
1104 3743 1297 3824 pedisequus,

449 3848 513 3913 124
540 3848 627 3930 Quae
648 3850 690 3914 sit
710 3869 792 3932 rupo.
837 3839 972 3914 sororem
996 3870 1058 3915 esse
1080 3852 1172 3914 eiurat
1196 3848 1368 3933 Chrysidis.
1391 3886 1436 3897 -·
1460 3888 1501 3897 —

448 3956 510 4021 127
535 3954 598 4021 SO.
630 3956 732 4038 Quom
755 3958 854 4036 timeo,
876 3975 1024 4039 paternum
1046 3958 1169 4022 modae.
1217 3955 1267 4021 SI.
1299 3956 1429 4023 Funus
1451 3959 1605 4023 iuterim

536 4062 720 4129 Procedit.
757 4065 954 4145 sequimur.
992 4064 1037 4128 ad
1058 4064 1231 4147 sepulerum
1255 4065 1411 4129 verrimus:
1528 4148 1530 4155 Α

537 4170 579 4235 Iu
602 4173 704 4253 ipuem
727 4172 910 4254 impositust.
947 4170 1046 4251 fletur.

402 4278 481 4355 Quia
501 4279 557 4362 qui
575 4280 707 4361 paulum
726 4278 822 4342 modo
841 4298 936 4342 sensu
955 4277 1133 4342 venustatis
1152 4276 1294 4341 imbutus
1312 4281 1361 4341 est
1378 4276 1458 4342 heeo
1476 4300 1541 4343 non
1560 4298 1635 4343 enm

362 4402 389 4444 ao
404 4384 602 4449 iucunditate
629 4384 738 4469 leget?
781 4380 819 4447 In
847 4383 898 4448 his
921 4383 1023 4469 igitur
1046 4385 1101 4468 qui
1127 4383 1188 4447 117
1214 4384 1361 4465 chertrur
1383 4386 1469 4450 iulus
1496 4385 1636 4471 scripsit,

403 4491 564 4557 intellexit
580 4491 734 4554 nimirum
753 4490 884 4555 effertur
897 4510 1015 4574 eorpus
1028 4494 1174 4555 mortuae
1188 4512 1227 4555 ex
1241 4490 1393 4556 interiore
1406 4494 1497 4575 parte
1512 4491 1633 4557 domus.

404 4596 497 4675 Quod
520 4618 624 4680 neque
646 4596 709 4663 hoe
731 4596 804 4662 loeo
827 4601 938 4683 aptum
960 4597 1088 4664 ridetur
1111 4617 1214 4681 neque
1242 4598 1392 4681 efferendi
1416 4599 1486 4663 usui
1510 4618 1637 4665 aeoom-

656 4836 710 4893 Eat
727 4838 779 4893 trlu'
799 4834 974 4892 Menaechmo
993 4846 1090 4889 nomeu

404 4924 517 5003 legitur.
537 4928 596 4982 Aut
608 4932 660 4981 301

656 5018 723 5072 Nou
741 5018 794 5072 sert
812 5018 874 5085 quta
891 5032 938 5084 epo
956 5016 1009 5069 eiua
1028 5016 1077 5083 qui
1096 5014 1147 5067 tur
1163 5012 1319 5081 saepissime

657 5104 820 5177 Gyottr'eeo?

407 5197 578 5253 Riteelreliua
597 5198 700 5251 estimet
718 5197 767 5264 qui
784 5196 940 5263 aaepiaaime
959 5193 1110 5262 depravata
1129 5190 1215 5247 etiam
1235 5189 1374 5254 oration03
1394 5204 1467 5259 quae
1486 5186 1641 5243 trituretur

407 5286 518 5343 terebat
536 5286 659 5356 quidem.
693 5284 745 5357 [De
765 5286 815 5339 uti
832 5283 905 5338 adde
924 5281 1042 5336 Oasinee
1062 5286 1113 5335 246
1133 5280 1168 5334 ab
1188 5279 1343 5333 editoribus
1363 5278 1404 5332 sie
1423 5277 1602 5333 distinctum:

574 5356 651 5431 rua
670 5376 695 5429 a
714 5373 816 5428 nuere
841 5370 1010 5439 auferere
1032 5372 1083 5427 uu
1100 5368 1253 5427 euroeae
1276 5368 1324 5423 ur
1342 5366 1466 5439 sumre]
