3925 6675
333 1131 385 1182 DE
395 1131 540 1182 GENERE
551 1131 705 1194 QUODAM
715 1131 868 1182 DICBNDI
877 1131 1030 1184 GRAECIS
1039 1132 1275 1196 ROMANISQUE
1285 1133 1481 1186 FAMILIARI.
1501 1133 1565 1196 441

333 1313 403 1357 esse
427 1291 552 1376 meluit,
574 1296 701 1376 postea,
724 1293 793 1356 iure
815 1292 1001 1377 opinamur,
1028 1291 1177 1380 Megarae
1198 1295 1392 1359 restitutum.
1437 1293 1569 1379 Megara

333 1403 442 1464 autem
465 1399 537 1484 ipsa
559 1399 622 1464 sibi
645 1399 725 1464 dicit
747 1421 830 1482 quae
852 1399 930 1464 dicit
952 1400 1059 1466 auimo
1083 1404 1172 1465 mota
1190 1402 1223 1465 τί
1239 1404 1333 1484 φημί,
1355 1412 1435 1466 ποῖα
1454 1403 1568 1484 ὄνειρα

334 1506 417 1589 ὁρῶ;
447 1506 500 1571 cui
527 1506 702 1571 contendas
728 1506 924 1591 Antigonam
953 1507 1052 1572 simili
1081 1507 1248 1573 occasione
1276 1509 1322 1573 ita
1349 1508 1507 1573 dicentem
1534 1509 1568 1572 in

334 1610 459 1697 Oedipo
484 1613 623 1678 (toloneo
647 1613 714 1677 310

593 1723 629 1784 τί
640 1718 735 1805 λέξως
749 1728 807 1784 ποῖ
820 1730 957 1804 φρενῶν
969 1716 1073 1803 ἔλθω,
1086 1721 1202 1806 πάτερ;
1217 1724 1250 1785 et
1263 1720 1361 1806 paulo
1375 1725 1450 1806 post
1462 1745 1490 1786 v.
1502 1721 1567 1787 315

593 1830 628 1892 τί
649 1837 720 1911 φῶς

593 1927 646 2019 ἆρ’
673 1936 775 2015 ἔστιν,
798 1927 850 2018 ἆρ’
877 1933 939 1998 οὐκ
961 1929 1069 2012 iucem
1093 1932 1113 2018 ἢ
1137 1935 1252 2020 γνώμη
1274 1938 1385 2021 πλανᾷ
1406 1941 1474 2000 κτλ.

333 2039 420 2106 Illud
446 2040 594 2106 addimus
621 2061 688 2105 non
714 2040 912 2123 inconsulto,
939 2041 973 2104 in
1000 2039 1171 2128 Iphigenia
1193 2041 1359 2106 Aulidensi
1389 2064 1471 2126 quae
1495 2040 1568 2126 Cly-

333 2151 545 2213 toemnestrae
568 2145 664 2232 (835)
692 2146 810 2211 dicenti
837 2148 899 2230 τὴν
921 2145 1005 2232 ἐμὴν
1027 2145 1096 2212 ἐπεί
1125 2157 1239 2230 γαμεῖς
1266 2149 1368 2214 παῖσα
1395 2148 1568 2232 respondet

334 2253 480 2320 Achilles
498 2255 618 2331 ποίους
635 2253 762 2336 νόμους
780 2256 860 2338 φής;
884 2252 1011 2338 ἀφασία
1029 2251 1062 2337 μ’
1080 2251 1157 2339 ἔχει,
1177 2255 1269 2320 iniis
1287 2276 1467 2340 pronomen
1485 2255 1568 2320 nihil
1583 2279 1610 2320 ιο

334 2359 454 2426 habere
471 2360 597 2426 insoliti
615 2365 672 2425 aut
688 2383 761 2426 cum
775 2361 839 2426 hoc
851 2383 914 2426 usu
927 2382 1023 2445 quem
1038 2361 1175 2426 dicimus
1189 2361 1361 2426 coniuncti.
1392 2359 1569 2428 Verissima

334 2489 411 2533 sero
430 2468 586 2552 quaedam
605 2468 675 2532 eius
693 2466 885 2532 elocutionis
903 2470 1050 2553 exempla
1063 2467 1192 2533 Platoni
1207 2473 1338 2553 accepta
1352 2469 1493 2552 ferimus,
1512 2469 1568 2554 qui

334 2595 417 2658 quae
439 2575 553 2640 scribit
573 2574 794 2659 prohibebunt
815 2579 853 2640 ut
872 2577 1024 2659 putamus
1042 2597 1084 2641 ne
1102 2573 1181 2639 haec
1200 2596 1281 2660 quae
1299 2574 1467 2640 familiaris
1494 2580 1570 2641 sunt

335 2682 491 2746 sermonis
505 2681 545 2746 ad
558 2680 703 2766 plebeiae
716 2681 876 2746 vilitatem
890 2681 1022 2767 linguae
1035 2681 1197 2767 patiamur
1211 2681 1346 2746 detrudi.
1359 2681 1410 2746 Ne
1421 2681 1569 2750 Callicles

334 2788 465 2872 quidem
477 2789 514 2852 in
523 2785 683 2873 Gorgiap.
693 2787 737 2852 62
747 2785 819 2853 Sch.
834 2808 908 2852 cum
921 2787 996 2872 plus
1009 2788 1108 2854 semel
1122 2811 1159 2853 ea
1173 2789 1297 2854 ratione
1311 2789 1415 2854 reiicit
1430 2811 1511 2874 quae
1523 2790 1569 2856 di·

333 2895 385 2960 xit
397 2893 546 2961 Socrates
565 2916 635 2959 eam
655 2895 796 2979 recipere
815 2893 1088 2960 insimulationem
1106 2895 1260 2960 videatur.
1293 2893 1383 2961 Dicit
1401 2899 1508 2960 autom
1523 2897 1570 2961 ita

498 2999 569 3066 ΣΩ.
603 2999 685 3065 Ἀλλ’
711 3001 753 3066 οὐ
779 3002 840 3066 τὸν
865 3003 985 3085 βελτίω
1013 3000 1115 3067 πλέον
1143 3003 1216 3068 θεῖν
1243 3004 1345 3086 ἕχεινς
1381 3004 1487 3068 ΚΑΛ.
1516 3003 1568 3068 Οὐ

496 3110 613 3174 σιτίων
636 3131 673 3191 γε
696 3104 776 3172 οὐδὲ
798 3119 919 3174 ποτῶν.
964 3111 1040 3173 ΣΩ.
1062 3109 1256 3192 Μανθάνω,
1283 3107 1350 3174 ἀλλ’
1379 3115 1457 3186 ἴσως
1482 3110 1569 3193 ίμα-

495 3217 590 3280 τίων
614 3213 668 3280 καὶ
693 3215 744 3280 θεῖ
766 3215 827 3280 τὸν
848 3214 1123 3298 ὖφαντικώτατον
1145 3214 1303 3300 μέγιστον
1325 3216 1457 3300 ἱμάτιον
1479 3212 1569 3300 ἔχειν

496 3319 552 3388 καὶ
574 3327 711 3387 πλεῖστα
733 3319 789 3387 καί
811 3322 970 3387 κάλλιστα
999 3321 1229 3407 ἀμπεχόμενον
1251 3321 1429 3407 περιιίναι;
1462 3325 1568 3389 ΚΑΛ.
1582 3346 1610 3387 so

496 3430 633 3495 Ποίων
647 3430 827 3514 λματίων;
841 3431 916 3495 Σίλα
928 3427 1013 3495 Ἀλλ’
1030 3431 1078 3506 είς
1091 3429 1322 3514 ὑποδήματα
1335 3431 1439 3514 δῆλον
1453 3430 1504 3496 ὅτι
1518 3432 1569 3496 δεῖ

495 3541 705 3601 πλεονεκτεῖν
722 3537 783 3601 τὸν
801 3537 1057 3621 φρονιμώτατον
1079 3538 1126 3614 είς
1139 3545 1242 3602 ταῦτα
1256 3538 1311 3603 καί
1325 3536 1497 3621 βέλτιστον
1508 3589 1515 3603 .
1526 3586 1533 3603 .
1543 3586 1568 3603 ..

495 3646 601 3708 ΚΑΛ.
626 3647 731 3708 Ποῖα
752 3642 999 3727 ὑποθήματας
1023 3648 1185 3729 φλυαρεῖς
1209 3648 1301 3730 ἔχων.

335 3748 407 3828 Quo
421 3752 530 3815 minus
542 3752 668 3834 reliqua
681 3750 780 3837 digno
793 3771 875 3834 quae
889 3750 1171 3835 reprehendantur.
1196 3750 1295 3817 Velut
1309 3751 1388 3818 haec
1402 3750 1441 3817 de
1451 3750 1569 3817 Theae-

335 3862 403 3923 teto
426 3880 459 3943 p.
477 3857 530 3942 55,
544 3855 690 3922 roscha.

497 3966 573 4029 za.
690 3961 773 4028 Ἀλλ’
805 3956 897 4045 οἶμαι
928 3964 969 4027 τὰ
996 3972 1134 4029 τοιαῦτα
1164 3974 1246 4040 τοῖς
1278 3970 1474 4047 μαθηταῖς
1507 3962 1569 4029 ἐπὶ

497 4074 618 4155 σχολῆς
637 4070 832 4155 φράζουσιν,
850 4069 910 4147 οὓς
928 4068 970 4135 ἂν
989 4070 1176 4153 βούλωνται
1197 4070 1334 4154 ὁμοίους
1348 4070 1461 4147 αὑτοῖς
1474 4079 1569 4153 ποιῆ-

495 4195 562 4243 σαι.
609 4180 708 4243 ΘΕΟ.
732 4180 875 4253 Ποίοις
896 4182 1108 4261 μαθηταῖς,
1132 4172 1157 4241 ὦ
1181 4177 1346 4259 deceptricem

336 4288 393 4350 aut
416 4284 473 4350 illu
495 4284 534 4349 de
557 4282 693 4350 Philebo
716 4306 746 4369 p.
766 4283 1010 4368 244,20130kk.

492 4383 558 4475 Ἆρ’
583 4390 740 4474 ἡδονῶν
761 4414 794 4456 τι
815 4392 1020 4472 προσδεῖσθε
1043 4389 1081 4456 ίν
1104 4400 1143 4476 τῇ
1166 4388 1356 4477 ξυγκροίσεις
1380 4400 1504 4475 φαῖμεν
1527 4388 1569 4455 ἂν
1583 4411 1610 4452 ιο

496 4494 541 4564 αὖ
563 4499 623 4563 τὸν
646 4506 731 4563 νοῦν
749 4520 785 4563 τε
807 4498 863 4563 καλ
885 4499 946 4582 την
965 4500 1134 4583 φρόνησιν
1152 4496 1388 4583 ἀνερωτῶυτες.
1428 4498 1569 4583 Ποίων,

496 4615 597 4689 φαῖεν
619 4603 663 4670 ἂν
686 4611 776 4687 ἴσως,
799 4605 971 4690 briocum

335 4712 388 4777 sel
409 4710 618 4796 Euthydemo
640 4735 671 4795 p.
689 4711 744 4795 45,
758 4711 799 4777 31
813 4710 904 4778 Sohz.

495 4816 591 4885 nuso
613 4819 738 4903 μέντοι,
760 4816 858 4903 ἔφην,
885 4820 1022 4903 χαρίεν
1045 4818 1085 4903 γε’
1105 4842 1138 4885 τι
1160 4819 1294 4904 πρᾶγμά
1318 4816 1410 4884 ἐστιν
1432 4820 1452 4903 ἡ
1476 4824 1570 4903 φιλο-

497 4928 609 5009 σοφία.
655 4930 798 5009 Ποῖον,
821 4922 897 5010 ἔφη,
918 4926 1070 5013 χαρίεν,
1094 4922 1119 4991 ὦ
1143 4926 1296 5011 poculum

335 5032 461 5111 Quibus
488 5031 604 5098 addere
632 5033 710 5117 quid
737 5037 825 5097 vetat
852 5054 934 5117 quae
961 5032 1045 5117 apud
1070 5030 1280 5097 Plutarchum
1307 5030 1402 5115 plane
1432 5032 1568 5097 adeum

335 5138 467 5205 modum
490 5138 629 5205 formata
651 5140 806 5226 leguntur
828 5138 867 5203 de
889 5140 1078 5225 garrulitate
1101 5138 1164 5205 vol.
1183 5156 1221 5203 111
1244 5161 1275 5223 p.
1294 5136 1532 5220 316,1330rn

283 5258 321 5315 12
498 5246 556 5311 ‘ot
587 5248 650 5331 γὰρ
677 5256 781 5311 ταῦτα
812 5248 906 5331 μετὰ
933 5248 1174 5331 τριακοσίων
1201 5243 1378 5328 ἥκουσας;’
1411 5244 1567 5310 ‘coloe’

498 5355 562 5437 ἔφη
586 5352 867 5439 ’τριακοσίωιίς
