3925 6675
541 1174 723 1226 smurorus
741 1173 937 1225 enarumcr
954 1173 1250 1225 onsanvauoras
1269 1174 1305 1224 11.
1491 1159 1556 1236 387

301 1340 450 1411 Partem
469 1336 549 1421 eripi
567 1335 741 1421 patientur,
759 1355 832 1399 cum
850 1335 1039 1419 praesertim
1059 1334 1217 1398 sententia
1236 1334 1307 1418 ipsa
1320 1336 1451 1420 gravius
1467 1337 1558 1420 quid-

297 1431 407 1506 darn
434 1465 527 1528 quam
560 1441 698 1528 simplex
728 1452 836 1518 κακῶς
868 1441 1003 1507 ἀκούειν
1034 1462 1166 1525 poscere
1193 1440 1346 1506 videatur.
1389 1440 1444 1506 Sic
1471 1443 1557 1506 enim

291 1547 413 1614 ledit
429 1548 576 1616 Sometes
599 1549 639 1614 ad
662 1570 699 1614 ea
718 1570 799 1633 qnae
818 1546 1010 1634 singillatim
1028 1553 1103 1612 ante
1121 1550 1271 1630 exposuit
1289 1571 1319 1633 p.
1340 1549 1392 1633 33,
1413 1549 1453 1613 18
1477 1554 1558 1614 πλα-

287 1660 433 1740 νῶμαι
461 1657 524 1740 μὲν
553 1655 607 1722 καί
636 1655 749 1737 ἀπορῶ
777 1655 842 1740 ἀεί,
875 1655 1063 1730 ἐπιδεικνὺς
1091 1651 1127 1718 δὲ
1156 1654 1215 1737 τὴν
1243 1655 1387 1740 ἐμαυτοῦ
1416 1655 1559 1738 ἀπορίαν

285 1750 411 1837 ὑμῖν
430 1775 498 1840 τοῖς
521 1774 641 1848 σοφοῖς
664 1765 751 1849 λόγῳ
775 1757 818 1827 αὖ
841 1761 907 1827 ὑπὸ
931 1762 1027 1844 ὑμῶν
1047 1766 1404 1845 προπηλακίζομαι,
1423 1761 1558 1828 ἐπειδὰν

282 1855 490 1954 ἐπιδείξω,
513 1875 546 1935 et
568 1891 679 1934 rursus
703 1869 747 1933 25
770 1869 835 1933 ὑπό
859 1892 893 1933 τε
917 1870 1029 1933 ἀλλων
1051 1879 1153 1933 τινῶν
1176 1880 1244 1932 τῶν
1267 1868 1390 1934 ε’ν-δάδε
1414 1872 1467 1934 καὶ
1492 1870 1561 1934 ὑπὸΙ

284 1977 448 2043 τ(ναύτου
465 1986 526 2042 τοῦ
546 1975 731 2061 ἀνθρώπου
750 1984 810 2041 τοῦ
830 1975 884 2040 ἀεί
900 1999 940 2059 με
959 1974 1151 2059 ἐλέγχοντος
1170 1976 1294 2040 πάντα
1308 1979 1405 2042 κακά
1419 1977 1557 2042 ἀκούω.

285 2068 416 2148 Quae
436 2084 589 2169 quoniam
611 2104 698 2148 nnnc
721 2082 947 2167 complectitur
971 2080 1132 2159 Socrates,
1156 2084 1228 2165 quis
1251 2104 1318 2147 non
1341 2084 1452 2168 sentit,
1474 2084 1557 2148 nihil

288 2192 433 2267 aptius
455 2190 556 2255 fuisse
580 2211 685 2275 quam,
709 2211 773 2274 quo
797 2190 902 2255 acrior
925 2193 1008 2253 esset
1032 2189 1272 2254 maledicentiae
1294 2194 1326 2254 et
1345 2191 1558 2254 contumeliae

291 2286 530 2382 significatio,
548 2296 605 2361 illa
624 2297 688 2361 duo
706 2295 805 2360 verba
822 2307 930 2372 κακῶς
948 2296 1084 2361 ἀκούειν
1103 2295 1157 2360 καὶ
1173 2297 1395 2376 ὀνειδίζεσθαι
1408 2299 1442 2362 in
1457 2319 1556 2361 unum
1572 2329 1603 2368 ιο

295 2403 540 2491 coniungere?
563 2402 609 2468 At
633 2401 773 2468 Cobetus
794 2401 1055 2487 Hartmanusque
1079 2402 1275 2487 anaphoram
1299 2426 1396 2488 quam
1420 2406 1558 2488 scriptor

298 2506 463 2576 voluerit
490 2512 525 2576 in
552 2509 604 2574 his
631 2521 739 2587 κακῶς
761 2510 823 2594 μὲν
845 2547 889 2555 -
911 2521 1020 2586 κακῶς
1048 2510 1085 2574 δὲ
1110 2509 1218 2574 addito
1243 2510 1343 2576 altero
1368 2511 1466 2575 verbo
1491 2533 1557 2576 cor-

301 2621 431 2702 rumpi
458 2618 620 2683 affirmant
647 2638 749 2701 eoque
776 2617 914 2682 maxime
941 2617 1099 2702 originem
1124 2617 1335 2702 interpolatae
1358 2619 1446 2684 vocis
1470 2622 1559 2702 pate

306 2711 406 2789 fieri
439 2722 508 2802 Qua
530 2725 564 2789 in
583 2745 618 2788 re
636 2745 695 2788 nos
713 2725 809 2809 longe
829 2724 869 2787 ab
888 2722 1019 2788 illorum
1038 2728 1144 2789 mente
1163 2724 1364 2789 discedimus.
1397 2723 1557 2789 Suadente

309 2830 414 2897 enin
434 2831 646 2897 collocatione
668 2830 840 2896 verborum
865 2841 990 2906 κακῶς
1012 2832 1074 2912 μὲν
1097 2831 1162 2897 ὑπὸ
1186 2831 1281 2914 ὑμῶν
1300 2832 1462 2896 ἀκούειν
1481 2852 1510 2895 κ.
1529 2831 1559 2895 ό.

313 2938 478 3004 orationis
505 2939 642 3003 formam
671 2937 719 3003 sic
746 2958 815 3002 esse
842 2937 1051 3002 evolvendam
1080 2938 1251 3002 statuimus
1277 2950 1385 3014 κακῶς
1407 2935 1469 3021 μὲν
1491 2938 1559 3003 ὑπὸ

315 3033 421 3119 ὑμῶν
448 3045 583 3111 ἀκούειν
609 3043 664 3109 καὶ
692 3044 929 3128 ὀνειδίζεσθαι,
961 3056 1070 3120 κακῶς
1097 3045 1134 3110 δὲ
1161 3043 1218 3110 ὑπ’
1249 3044 1378 3109 ἐκείνου
1407 3042 1560 3131 (ἀκούειν

270 3131 303 3193 ¹¹
318 3150 387 3215 ’wel
407 3148 648 3237 ὀνειδίζεσθαι).
684 3149 731 3216 Ut
754 3151 912 3216 adiectum
937 3151 1084 3234 verbum,
1108 3152 1194 3235 quod
1218 3174 1283 3216 non
1306 3155 1414 3236 potest
1437 3173 1502 3215 non
1525 3156 1559 3216 et

317 3247 430 3336 ipsum
456 3259 507 3324 bis
535 3258 688 3346 intelligi,
718 3258 929 3323 concinnitati
958 3258 1184 3322 detrimentum
1213 3258 1325 3323 afferre
1353 3280 1418 3323 non
1445 3260 1556 3345 possit.

321 3354 433 3449 Atque
457 3366 590 3433 omnino
612 3387 654 3430 ne
676 3364 772 3430 nimis
795 3366 889 3429 anxie
913 3366 1117 3431 consulamus
1141 3367 1359 3446 concinnitati,
1383 3367 1556 3431 admonent
1570 3399 1597 3437 ιο

321 3471 387 3535 vel
404 3494 436 3538 ea
457 3495 540 3559 quae
562 3472 716 3561 leguntur
739 3473 774 3537 in
795 3471 973 3537 Menexeno
997 3496 1028 3557 p.
1048 3472 1100 3556 80,
1121 3473 1138 3535 7
1163 3474 1343 3557 ἡγούμενοι
1366 3475 1464 3559 πρὸς
1487 3474 1557 3557 μὲν

324 3574 370 3638 τὸ
398 3579 563 3665 ὁμόφυλον
590 3577 685 3665 μέχρι
708 3582 801 3663 νίκης
825 3581 897 3644 δεῖν
919 3585 1092 3664 πολεμεῖν,
1118 3578 1173 3645 καί
1196 3582 1240 3664 μὴ
1265 3579 1309 3645 δι’
1337 3581 1441 3666 ὀργὴν
1466 3583 1556 3646 ἰδίαν

325 3684 450 3765 wlco«,-
470 3688 509 3754 τὸ
531 3687 648 3752 κοινὸν
670 3697 738 3751 τῶν
761 3685 928 3769 Ἑλλήνων
951 3688 1136 3771 διολλύναι,
1160 3689 1255 3771 πρὸς
1275 3689 1296 3751 δ
1301 3684 1316 3752 l
1336 3691 1414 3764 τοὺς
1432 3689 1555 3773 βαρβά-

330 3805 414 3868 (vove
434 3793 527 3879 μέχρι
555 3794 763 3877 διαφθορᾶς,
790 3792 847 3857 ubi
875 3794 907 3856 in
937 3794 1036 3857 simili
1064 3794 1318 3859 conformatione
1348 3817 1429 3879 quae
1452 3795 1556 3859 media

331 3888 514 3984 interposito
545 3905 622 3965 sunt
648 3900 844 3985 anaphoram
873 3904 905 3965 et
933 3899 1194 3984 aequabilitatem
1223 3902 1365 3985 partium
1393 3924 1458 3965 non
1486 3924 1556 3985 per-

245 4163 275 4201 ·.·
422 4129 452 4178 11.
480 4112 519 4180 In
551 4115 653 4180 altero
685 4113 861 4198 eodemque
892 4113 1008 4178 ultimo
1037 4113 1133 4178 huius
1162 4114 1344 4198 scriptionis
1373 4115 1476 4198 capite
1504 4114 1554 4178 ad·

251 4257 274 4304 -:
345 4217 507 4287 ¹lotationes
526 4220 680 4306 quasdam
699 4224 826 4285 nostras
845 4221 1080 4305 applicabimus
1098 4220 1138 4286 ad
1158 4221 1254 4285 verba
1268 4221 1407 4305 Hippiae
1426 4221 1556 4286 maioris

265 4313 271 4320 ’
351 4328 511 4413 (μορε,
531 4327 572 4393 18
595 4328 757 4413 leguntur.

487 4436 601 4501 Καλόν
614 4457 663 4519 γε,
682 4430 838 4514 ὧἾππία,
856 4434 963 4518 inquit
977 4432 1135 4513 Socrates,
1155 4434 1261 4517 λέγεις
1275 4433 1329 4499 καὶ
1343 4434 1426 4519 μέγα
1441 4438 1555 4519 τεκμη-
1570 4463 1597 4505 ει

488 4566 562 4626 ριον
586 4545 707 4626 σοφίας
729 4550 787 4624 τῆς
810 4563 844 4605 τε
864 4551 1006 4606 σεαυτοῦ
1024 4539 1078 4606 καὶ
1098 4553 1165 4606 τῶν
1184 4550 1248 4607 νῦν
1267 4542 1457 4627 ἀνθρώπων
1475 4544 1558 4626 πρὸς

487 4652 565 4726 τοὺς
597 4648 755 4735 ἀρχαίους
784 4648 866 4713 ὅσον
898 4647 1106 4732 διαφέρουσι.
1143 4660 1221 4713 τῶν
1254 4650 1324 4733 γάρ
1353 4649 1558 4735 προτέρων

487 4757 608 4839 πολλὴ
635 4753 784 4839 ἀμαθία
807 4757 902 4820 κατά
926 4756 995 4820 τὸν
1018 4756 1089 4819 σὸν
1112 4759 1244 4838 λόγον·
1273 4755 1470 4821 τούναντίον
1495 4759 1557 4839 γὰρ

437 4855 454 4917 5
485 4858 682 4948 Ἀναξαγόρᾳ
705 4861 810 4945 φασίν
832 4865 999 4945 συμβῆναι
1025 4860 1157 4945 ἢὺμῖν·
1181 4862 1474 4946 καταλειφθέντων
1494 4866 1558 4945 γάρ

490 4969 575 5035 att·
593 4973 729 5035 πολλῶν
751 4969 926 5053 χρημάτων
944 4972 1165 5052 καταμελῆσαι
1186 4970 1240 5033 καῖ
1259 4968 1417 5035 ἀπολέσαι
1436 4969 1556 5034 πάντα·

491 5075 592 5154 οὕτως
624 5075 728 5142 αὐτὸν
759 5075 884 5159 ἀνόητα
916 5078 1122 5159 σοφίζεσθαι.
1160 5075 1293 5158 λέγουσι
1327 5078 1364 5142 δὲ
1396 5075 1450 5140 καὶ
1481 5074 1556 5159 περὶ

491 5182 599 5249 ἀλλων
626 5195 694 5248 τῶν
720 5186 872 5247 παλαιῶν
900 5181 995 5267 ἕτερα
1021 5192 1166 5247 τοιαῦτα.
1203 5192 1302 5247 τοῦτο
1331 5180 1391 5267 μὲν
1414 5178 1477 5246 οὖν
1499 5207 1556 5263 μοι

492 5289 597 5368 δοκεῖς
618 5290 722 5355 καλὸν
744 5290 923 5373 τεκμήριον
945 5288 1148 5373 ἀποφαίνειν
1170 5288 1244 5373 περὶ
1269 5292 1388 5372 σοφίας
1406 5300 1474 5353 τῶν
1492 5298 1557 5354 νῦν

412 5373 452 5440 ¹⁰
492 5397 570 5481 τρδς
591 5399 672 5473 τούς
693 5394 891 5482 προτέρους,
913 5394 969 5460 καί
993 5401 1129 5471 πολλοῖς
1152 5396 1324 5477 συνδοκεῖ,
1347 5396 1398 5461 ὅτι
1421 5399 1482 5462 τὸν
1505 5414 1557 5461 σο-
