3925 6675
305 1997 432 2072 LVIII.
465 1997 620 2070 INDEX
652 1996 935 2071 LECTIONUM
968 1997 1299 2070 HIBERNARUM
1329 1993 1534 2090 1903l1904.

274 2173 291 2228 8
393 2173 446 2238 Ex
470 2171 513 2236 Μ.
536 2171 668 2237 Pacuvii
690 2177 804 2257 poetae
827 2174 943 2260 tragici
966 2173 1113 2258 reliquiis
1137 2175 1332 2257 sumpsimus
1356 2194 1437 2256 quae
1460 2172 1536 2238 huic

306 2280 538 2345 enumerationi
559 2279 735 2344 lectionum
758 2279 1010 2346 academicamm
1034 2282 1321 2366 praemitteremus.
1361 2278 1427 2343 Eae
1451 2281 1535 2343 enim

308 2407 406 2472 nuper
429 2386 469 2450 ab
489 2383 608 2451 Ottone
627 2385 806 2452 Ribbeckio
826 2409 891 2452 una
909 2408 982 2452 cum
1007 2387 1205 2472 reliquorum
1224 2388 1420 2474 tragicorum
1439 2386 1535 2451 versi-

308 2491 364 2558 bus
386 2492 615 2578 superstitibus
638 2494 702 2558 iam
726 2494 858 2558 tertium
882 2494 985 2559 editae
1003 2495 1122 2560 habere
1140 2496 1234 2559 nobis
1252 2496 1339 2559 visae
1359 2498 1435 2559 sunt
1454 2515 1536 2577 quae

307 2619 367 2666 non
390 2599 552 2665 inutiliter
574 2600 746 2686 disceptari
766 2605 906 2684 possent.
942 2600 1074 2666 Etenim
1093 2601 1290 2666 Ribbeckius
1309 2602 1342 2665 in
1362 2602 1412 2665 his
1432 2623 1535 2665 emen-

308 2705 416 2773 dandis
446 2707 591 2772 versibus
619 2730 671 2772 eas
698 2707 840 2773 rationes
868 2708 960 2792 sequi
989 2708 1104 2774 solitus
1128 2713 1236 2773 estut
1259 2709 1293 2772 in
1317 2708 1536 2792 istaperenni

306 2814 522 2880 controversia
546 2836 610 2898 qua
633 2836 706 2879 oum
729 2815 884 2880 orationis
908 2814 1021 2882 decore
1045 2817 1140 2880 metri
1163 2814 1337 2880 necessitas
1361 2814 1400 2877 de
1420 2814 1537 2898 princi-

300 2928 380 3004 patu
409 2920 576 2987 contendit
602 2943 809 2986 numerorum
835 2922 962 3008 legibus
992 2944 1071 3006 quas
1100 2922 1293 3005 opinabatur
1321 2922 1475 2985 orationis
1504 2924 1536 2984 et

300 3029 481 3094 tententiae
507 3032 707 3093 venustatem
735 3051 801 3093 non
829 3030 874 3092 lta
901 3050 974 3092 raro
1005 3029 1213 3112 condonaret,
1246 3051 1319 3094 cum
1346 3028 1534 3112 praesertim
1550 3055 1576 3096 ro

294 3136 392 3201 nulla
411 3135 603 3200 verecundia
620 3136 792 3201 memoriae
810 3135 967 3201 librorum
987 3137 1178 3201 retineretur
1197 3136 1368 3220 quominus
1387 3134 1428 3197 ad
1443 3156 1535 3198 suum

294 3244 494 3308 arbitratum
521 3243 735 3307 conformaret
763 3266 845 3327 quae
868 3243 1050 3327 antiquitus
1074 3243 1194 3307 tradita
1217 3248 1301 3307 sunt.
1338 3240 1431 3306 Unde
1454 3262 1535 3324 quae

289 3354 511 3417 nascerentur
519 3373 619 3435 prava
632 3355 688 3416 aut
700 3350 927 3435 improbabilia
940 3352 1087 3436 proxime
1103 3351 1136 3414 in
1150 3352 1316 3435 prooemio
1332 3365 1535 3415 a.n11)ccccl1

289 3455 417 3544 (supra
425 3480 455 3541 p.
465 3457 530 3522 448
536 3456 592 3544 ss.)
607 3455 778 3541 disputatis
793 3458 958 3523 nonnullis
970 3457 1062 3523 Accii
1078 3462 1192 3542 poetae
1207 3457 1361 3541 exemplis
1375 3456 1535 3521 declarare

285 3564 499 3649 studuimus,
528 3585 613 3629 nnnc
641 3587 680 3628 ex
707 3564 839 3629 Pacuvii
868 3565 1012 3649 reliquiis
1037 3565 1193 3649 quaedam
1218 3565 1336 3629 similia
1357 3564 1535 3649 promimus

285 3665 363 3737 hoc
387 3669 523 3735 consilio
546 3676 584 3735 ut
605 3671 719 3735 alienis
743 3672 903 3736 erroribus
926 3672 1157 3756 patefaciamus
1182 3672 1260 3755 quid
1283 3672 1317 3736 in
1339 3671 1401 3735 hoc
1420 3691 1536 3757 genere

284 3778 485 3862 petendum,
504 3778 581 3862 quid
600 3777 776 3843 cavendum
795 3780 934 3843 maxime
952 3779 1108 3843 videatur.
1145 3778 1230 3843 Nam
1248 3801 1316 3843 non
1333 3777 1396 3841 hoc
1410 3778 1535 3863 agimus

286 3883 334 3949 in
357 3884 411 3949 his
435 3884 665 3970 scriptionibus
688 3887 726 3948 ut
749 3884 860 3950 doctos
880 3885 1049 3950 doceamus
1069 3886 1124 3949 sed
1143 3890 1180 3948 ut
1199 3884 1396 3948 discentibus
1416 3889 1447 3947 et
1466 3885 1536 3967 qui-

284 3987 361 4056 bus
385 3992 591 4077 potissimum
614 3992 694 4057 haec
712 3991 809 4056 scribi
828 3993 953 4056 soleant
971 3993 1056 4056 viam
1075 3995 1292 4056 monstremus
1311 3993 1339 4055 si
1357 3992 1534 4075 poterimus

289 4120 366 4183 qua
388 4099 442 4163 via
465 4099 499 4162 in
521 4098 573 4163 his
595 4098 712 4163 litteris
736 4120 807 4163 cum
831 4100 940 4163 fructu
963 4098 1127 4164 elaborare
1150 4098 1286 4183 possint.
1550 4124 1577 4164 ro

392 4222 413 4269 1.
436 4202 550 4289 Itaque
573 4204 770 4270 Ribbeokius
793 4207 827 4270 in
850 4206 985 4272 Pacuvii
1009 4204 1131 4289 Chryse
1156 4223 1205 4269 v11
1229 4203 1301 4291 (93)
1321 4204 1401 4268 haec
1420 4203 1534 4268 edidit:

437 4312 546 4378 Mater
554 4318 682 4378 terrast
689 4314 782 4394 parit
794 4312 868 4377 baec
877 4333 995 4395 eorpus,
1007 4314 1151 4377 animam
1162 4310 1293 4396 [autem]
1303 4317 1385 4376 aeter
1394 4310 1533 4392 adlegat.

291 4412 341 4481 In
365 4418 482 4503 quibus
505 4418 641 4485 fortasse
660 4418 742 4483 nihil
761 4423 810 4483 est
829 4419 916 4503 quod
934 4441 1130 4505 magnopere
1148 4420 1357 4503 vituperetur,
1381 4419 1447 4482 sire
1466 4439 1535 4482 ver·

296 4544 358 4588 sus
384 4526 521 4590 formam
549 4528 616 4592 aiva
644 4528 834 4591 sententiam
865 4527 1075 4611 perspexeris.
1121 4525 1187 4591 Ubi
1216 4546 1290 4590 vero
1314 4529 1414 4591 testes
1438 4525 1533 4589 inter-

296 4649 454 4717 rogamus
483 4654 619 4718 quomm
642 4632 705 4697 fide
728 4655 840 4697 versus
863 4633 925 4698 iste
947 4637 1146 4719 propagatus
1170 4637 1228 4718 est,
1257 4633 1332 4699 ilico
1355 4633 1457 4698 nubes
1481 4632 1536 4697 du·

298 4732 496 4804 bitationum
529 4740 685 4805 oboritur.
739 4739 869 4804 Etenim
901 4740 1042 4824 primum
1075 4739 1204 4805 Nonius
1236 4763 1267 4825 p.
1298 4740 1349 4824 75,
1383 4742 1422 4804 11
1456 4741 1536 4805 haec

304 4844 450 4911 tradidst:

438 4953 603 5037 ‘udiupare
625 4955 803 5037 adiungere.
841 4954 1001 5019 Pacu-cios
1025 4953 1141 5039 Clrryse
1164 4954 1288 5020 “muter
1309 4959 1353 5019 est
1375 4959 1476 5017 terro:
1499 4973 1537 5017 ea

431 5063 524 5144 parit
550 5081 676 5143 corpus:
704 5063 848 5126 anieno-m
870 5067 953 5127 aeter
975 5062 1140 5144 adlegat&
1178 5062 1268 5127 Idem
1291 5060 1401 5126 Iliona
1425 5058 1537 5124 “bben-

439 5168 515 5233 dum
537 5167 733 5233 hortatricem
756 5169 890 5251 autopat
911 5168 1141 5250 uoluptatem''.’
1550 5210 1577 5252 ,0

264 5266 289 5323 4
313 5258 390 5337 llam
410 5272 539 5340 Nonius
567 5275 636 5360 ipse
664 5274 805 5340 dubitari
835 5297 901 5340 non
927 5279 1037 5361 potest
1065 5276 1144 5359 quin
1172 5275 1217 5340 ita
1245 5273 1423 5358 scripserit:
1454 5295 1536 5358 quae
