3925 6675
397 1091 465 1157 394
590 1093 649 1144 LII.
669 1093 783 1143 INDEX
802 1091 1016 1142 LEOTIONUM
1034 1089 1274 1142 HIBERNARUM
1295 1091 1461 1158 1900s1901.

557 1251 633 1337 περὶ
661 1253 800 1336 ὁμιλιῶν
826 1253 910 1337 πρὸς
938 1251 1102 1334 ἀλλήλους
1129 1251 1321 1334 ἀνθρώπων
1348 1250 1488 1334 ἀμαθῶν
1516 1273 1550 1316 τε
1573 1253 1628 1317 καλ

557 1371 668 1426 κακῶν
691 1358 745 1425 καὶ
770 1361 913 1425 ἰδιωτῶν
935 1357 989 1424 καί
1014 1361 1228 1443 δημιουργῶν
1250 1358 1303 1423 καὶ
1331 1356 1405 1442 περὶ
1429 1364 1520 1424 θεῶν
1546 1361 1628 1442 πρὸς

555 1467 719 1552 ἀλλήλους
740 1465 796 1532 καὶ
819 1469 902 1552 πρὸς
925 1465 1127 1551 ἀνθρώπους
1148 1463 1356 1548 ὁμιλούντων
1374 1465 1424 1541 ὡς
1442 1463 1626 1550 ὁμιλοῦσι

554 1573 608 1640 καὶ
632 1573 708 1659 περὶ
732 1586 799 1640 τῶν
821 1573 990 1657 οὐρανίων
1012 1571 1219 1657 παθημάτων
1242 1577 1309 1656 κτλ.

393 1680 516 1747 Cobeto
549 1682 635 1746 enim
667 1682 844 1746 assentiens
873 1678 1048 1745 Schanzius
1081 1679 1177 1744 verba
1208 1681 1252 1756 ὡς
1280 1679 1433 1762 ὁμιλοῦσι
1462 1683 1625 1764 tamquam

391 1787 475 1854 falso
499 1788 659 1873 adscripta
682 1789 773 1854 uncis
796 1787 935 1853 inclusit.
972 1785 1060 1864 Quae
1084 1789 1112 1852 si
1135 1787 1283 1852 abessent
1306 1809 1399 1853 nemo
1423 1785 1626 1870 desideraret,

392 1917 479 1960 nunc
501 1917 573 1960 curn
595 1895 710 1978 adsint,
732 1899 769 1960 ut
787 1895 954 1960 mittamus
973 1917 1087 1978 parum
1107 1893 1274 1978 probabile
1293 1915 1362 1958 esse
1381 1894 1460 1959 haec
1478 1917 1497 1958 a
1515 1895 1624 1959 nescio

392 2023 457 2086 quo
479 2003 588 2086 potius
612 2023 709 2088 quam
732 2003 772 2067 ab
796 2002 867 2086 ipso
892 2005 1024 2066 auctore
1046 1999 1149 2065 libelli
1168 2021 1239 2066 esee
1258 2001 1390 2086 adiecta,
1412 1999 1624 2088 intelligimus

391 2129 429 2174 ee
452 2108 547 2192 plane
565 2109 697 2174 eandem
716 2110 874 2174 rationem
893 2109 994 2192 sequi,
1018 2130 1114 2192 quam
1133 2111 1189 2174 aut
1208 2129 1290 2194 quae
1309 2108 1386 2174 olim
1406 2110 1625 2194 congessimus

349 2243 377 2284 ιο
391 2219 448 2280 ant
475 2238 557 2300 quae
584 2238 683 2301 supra
709 2216 807 2281 allata
834 2219 911 2280 sunt
937 2215 1084 2300 exempla
1111 2237 1294 2299 expressam
1317 2219 1437 2280 tenent.
1473 2213 1623 2300 Inprimis

390 2324 470 2388 haee
498 2325 554 2406 qui
582 2322 690 2388 delent
712 2323 849 2388 velimus
872 2343 980 2387 secum
1005 2322 1194 2408 deliberent,
1223 2321 1302 2406 qnid
1325 2321 1363 2386 de
1387 2321 1451 2386 illis
1475 2323 1581 2387 verbis
1604 2326 1677 2388 alt

390 2429 508 2516 quibus
540 2430 677 2514 profecti
710 2451 820 2496 sumus
848 2428 954 2513 λέγεις
981 2433 1158 2515 τεκμήριον
1186 2430 1306 2513 σοφίας
1333 2437 1391 2513 τῆς
1418 2452 1452 2496 τε
1480 2438 1622 2496 σεαυτοῦ

389 2538 444 2601 καί
466 2547 534 2602 τῶν
556 2546 622 2602 νῦν
644 2537 837 2621 ἀνθρώπων
858 2537 940 2621 πρὸς
963 2539 1043 2612 τοὺς
1066 2536 1223 2622 ἀρχαίους
1245 2537 1339 2602 ὅσον
1357 2536 1622 2622 διαφέρουσιν

388 2642 596 2709 indicandum
619 2648 768 2710 censeant
789 2647 845 2708 ant
863 2643 902 2708 de
921 2643 982 2726 his,
1006 2665 1087 2728 quae
1106 2665 1173 2708 esse
1193 2643 1294 2708 instar
1313 2645 1456 2710 omnium
1475 2650 1621 2728 possunt,

388 2773 408 2814 a
432 2751 550 2835 quibus
573 2751 776 2836 Thucydides
799 2773 881 2835 opus
904 2773 997 2816 suum
1022 2772 1155 2816 exorsus
1179 2756 1228 2816 est

553 2859 763 2942 Θουκυδίδης
782 2856 961 2942 Ἀθηναῖος
985 2857 1168 2942 ξυνέγραψε
1186 2859 1246 2922 τὸν
1265 2860 1410 2942 πόλεμον
1426 2869 1495 2924 τῶν
1514 2863 1621 2924 Πελο-

548 2969 741 3049 ποννησίων
772 2963 826 3030 καὶ
855 2963 1039 3049 Ἀθηναίων
1072 2965 1116 3042 ὡς
1148 2963 1394 3050 ἐπολέμησαν
1425 2967 1522 3050 πρὸς
1554 2965 1620 3034 ἀλ-

550 3075 702 3155 λήλους.

388 3175 450 3244 Sed
474 3179 570 3243 nimis
589 3201 684 3264 saepe
703 3180 806 3244 critici
825 3177 949 3243 subitas
968 3178 1181 3265 cogitationes
1200 3201 1240 3244 ex
1258 3179 1395 3266 singulis
1412 3177 1493 3246 loeis
1512 3179 1620 3246 oriun-

345 3311 374 3352 ιο
388 3286 444 3351 das
466 3285 557 3351 nulle
578 3286 723 3352 adhibita
746 3285 970 3353 observatione
994 3308 1075 3371 qnae
1099 3287 1265 3372 scriptoris
1289 3287 1384 3353 unius
1403 3289 1458 3353 aut
1478 3287 1618 3372 plurium

388 3415 482 3459 usum
506 3394 719 3477 amplectatur
742 3394 834 3478 sequi
858 3393 963 3458 solent
985 3393 1129 3459 fidenter.

477 3498 630 3585 idemque
657 3506 820 3585 postremo
848 3501 960 3567 cedere
988 3502 1023 3565 in
1045 3499 1160 3585 Lysiae
1183 3500 1280 3565 verba
1302 3501 1510 3587 putabamus,
1538 3524 1619 3587 qnae

386 3606 482 3671 nobis
504 3606 607 3672 redire
631 3607 670 3671 ad
693 3608 826 3673 eandem
849 3607 974 3673 dicendi
999 3607 1261 3675 consuetudinem
1284 3609 1353 3674 visa
1375 3614 1464 3693 sunt,
1491 3633 1510 3675 a
1533 3611 1619 3675 eriti-

387 3713 435 3779 cis
467 3716 573 3778 autem
606 3713 768 3799 plerisque
796 3714 945 3779 omnibus
973 3715 1185 3780 condemnata
1213 3720 1245 3779 et
1271 3717 1396 3781 reiecta.
1437 3714 1477 3781 In
1502 3716 1617 3802 Lysiae

385 3820 472 3885 enim
499 3820 644 3887 oratione
672 3822 706 3885 in
732 3820 926 3887 Aeschinem
951 3820 1149 3887 Socraticum
1177 3822 1294 3887 acriter
1320 3822 1498 3908 invehenti,
1527 3824 1617 3889 ouius

385 3927 504 3992 bonam
531 3932 657 4013 partem
679 3927 865 3994 Athenaeus
894 3930 1033 3995 servavit
1058 3928 1113 3994 lib.
1133 3946 1209 4011 x111,
1236 3928 1315 3995 haec
1338 3928 1499 3995 habentur
1521 3932 1617 3997 verba

384 4058 415 4119 p.
435 4035 500 4099 612
514 4036 536 4101 f.

546 4142 651 4220 οὕτως
670 4143 832 4228 ἐρωτικῶς
851 4146 888 4209 τὸ
907 4146 1023 4227 κόριον
1041 4148 1273 4229 μετεχειρίζετο
1293 4155 1349 4229 τῆς
1369 4144 1496 4227 ἡλικίας
1514 4145 1617 4231 αὐτῆς

545 4249 735 4332 ἀπολαύων,
757 4246 796 4333 ἧς
820 4250 903 4337 ῥᾷον
926 4254 1004 4329 τοὺς
1024 4250 1164 4329 ὀδόντας
1189 4251 1373 4337 ἀριθμῆσαι
1393 4251 1489 4317 ὅσου
1507 4250 1615 4319 ἐλάτ-

341 4378 370 4419 ιο
544 4380 636 4433 τους
658 4352 759 4439 ἦσαν
782 4356 802 4440 ἢ
826 4367 883 4441 τῆς
906 4359 1015 4442 χειρὸς
1037 4360 1117 4435 τοὺς
1141 4358 1334 4435 δακτύλους.

383 4462 463 4541 Quis
485 4484 551 4528 non
574 4462 662 4527 videt
684 4462 782 4528 verba
804 4464 887 4529 ὅσον
906 4463 1062 4542 ἐλάττους
1080 4460 1166 4548 ἦσαν
1184 4466 1294 4529 abesse
1312 4466 1457 4550 potuisse
1475 4466 1546 4533 sine
1564 4468 1615 4533 de

382 4570 556 4635 trimento?
583 4568 696 4655 ltaque
714 4570 789 4635 inde
807 4594 826 4635 a
841 4569 1031 4637 (lasaubono
1051 4574 1149 4659 vulgo
1169 4574 1215 4639 sic
1234 4573 1419 4638 existimant
1435 4594 1471 4637 ee
1485 4596 1504 4638 a
1517 4574 1615 4658 Lysia

382 4676 554 4741 abhorrere
573 4680 606 4741 et
624 4698 641 4741 e
659 4679 805 4763 margine
823 4679 858 4743 in
876 4679 944 4743 eius
964 4679 1119 4744 orationis
1133 4683 1320 4745 contextum
1334 4681 1513 4765 irrepsisso;
1532 4704 1615 4765 quae

384 4781 526 4848 (lobetus
544 4784 579 4848 in
596 4782 694 4867 Lysia
712 4806 752 4848 ne
771 4786 893 4869 recepit
911 4785 1051 4869 quidem,
1069 4784 1236 4851 Kaibelins
1256 4786 1288 4851 in
1308 4786 1474 4853 Athenaeo
1493 4788 1615 4874 recepit

380 4889 437 4957 sed
456 4890 616 4955 uncinata.
648 4888 816 4975 'lentoque
837 4894 956 4958 certius
974 4892 1053 4957 haec
1072 4894 1250 4959 reiectanea
1269 4916 1338 4959 esse
1357 4894 1519 4961 affirmant
1538 4897 1613 4980 quie

380 5020 478 5082 quam
502 4996 646 5062 sublesta
668 4997 712 5061 sit
735 5019 845 5063 eorum
869 5000 949 5065 fides
967 4999 1031 5065 alia
1050 5000 1204 5085 quaedam
1224 5001 1408 5067 testimonia
1428 5008 1612 5088 coarguunt.

379 5103 511 5169 Etenim
539 5104 680 5189 primum
703 5104 885 5171 Demetrius
914 5107 952 5171 de
980 5108 1162 5173 elocutione
1191 5108 1269 5173 haec
1296 5108 1407 5175 citavit
1434 5130 1459 5175 c.
1479 5125 1612 5175 cxxunl

541 5221 609 5277 τῶν
637 5208 672 5276 δὲ
698 5214 843 5297 χαρίτων
866 5214 900 5279 αλ
923 5213 985 5295 μέν
1008 5216 1072 5280 alec
1095 5216 1240 5299 μείζονες
1263 5216 1317 5280 καλ
1342 5218 1550 5301 σεμνότεραι,
1578 5217 1612 5281 αλ

541 5330 608 5384 τῶν
640 5332 799 5405 ποιτμῶν,
831 5323 865 5385 αλ
898 5318 935 5387 δὲ
967 5321 1109 5399 εὐτελεῖς
1140 5327 1269 5407 μᾶλλον
1300 5321 1354 5387 καλ
1386 5322 1608 5409 κωμικῶτεραι
