3925 6675
598 1069 649 1120 Dr:
667 1069 798 1122 TRIBUS
816 1071 922 1123 LOCIS
941 1070 1123 1122 HERCULIS
1141 1070 1370 1122 EURIPIDEAE.
1533 1068 1599 1133 263

408 1228 471 1290 recte
485 1228 660 1308 ἀσννδέτως
678 1231 895 1298 subiiciuntur
913 1233 1079 1317 proximis,
1100 1255 1119 1296 a
1138 1231 1254 1316 quibus
1273 1232 1336 1296 nisi
1354 1235 1478 1296 mutata
1496 1233 1600 1296 forma

407 1334 589 1421 nondictum,
616 1342 650 1403 et
673 1344 722 1404 est
745 1339 822 1405 haec
845 1342 940 1426 plane
963 1362 1000 1404 aa
1024 1340 1196 1422 sententia,
1219 1339 1271 1402 cui
1290 1338 1464 1405 adhaerent
1487 1340 1600 1403 confir-

405 1440 486 1527 mandi
508 1467 598 1510 causa
626 1468 708 1530 quae
736 1451 915 1530 sequuntur
943 1445 1039 1512 κακοὶ
1062 1448 1126 1530 γὰρ
1150 1449 1197 1523 εἰς
1221 1445 1260 1510 σε’
1282 1444 1311 1530 γ’
1340 1449 1375 1510 οἳ
1395 1445 1493 1520 τέκνα
1516 1447 1600 1510 κτεί-

403 1565 476 1613 νννσι
496 1553 539 1617 σά.
574 1551 614 1617 In
633 1553 740 1619 verbis
759 1558 867 1618 autem
885 1553 965 1638 ipsis
985 1554 1064 1638 quid
1082 1553 1218 1617 dicimus
1237 1574 1307 1617 esse
1327 1553 1413 1637 quod
1430 1575 1497 1618 non
1515 1557 1600 1617 recte

401 1655 517 1724 autnon
543 1664 617 1744 apte
645 1659 766 1725 elatum
794 1661 947 1725 videatur.
976 1659 1070 1725 Nam
1098 1661 1184 1744 quod
1208 1659 1340 1746 Megara
1367 1660 1407 1724 ad
1430 1681 1599 1744 personam

398 1761 512 1831 untione
533 1768 636 1832 relata
658 1767 738 1833 dicit
761 1767 873 1833 ἐλθὼν
896 1769 1010 1844 ἱκανὸς
1033 1768 1075 1832 ἂν
1098 1765 1210 1851 γένοιο
1231 1788 1291 1851 pro
1311 1789 1348 1832 eo
1369 1767 1455 1851 quod
1473 1770 1599 1851 poterat

394 1861 486 1936 esav
505 1894 538 1940 σε
565 1875 682 1939 ἰκανὸν
705 1873 748 1940 ἂν
769 1874 911 1958 γένοιτο,
935 1895 975 1938 ex
993 1875 1108 1938 intima
1128 1871 1306 1938 Graecitate
1325 1880 1382 1958 ast,
1406 1895 1599 1958 quamquam

391 1982 523 2045 anostn's
541 1981 695 2065 loquendi
713 1981 859 2046 moribus
872 1981 1020 2063 alienius,
1039 1983 1076 2044 ut
1089 2002 1154 2045 non
1170 1979 1276 2045 desint
1290 1979 1445 2045 latissime
1460 1981 1599 2065 patentis

388 2099 447 2146 uns
470 2087 613 2172 exempla
631 2110 713 2172 quae
732 2087 959 2172 impediverint
977 2088 1168 2171 interpretes
1188 2089 1271 2152 etin
1291 2087 1383 2152 devia
1402 2087 1598 2153 deduxerint.

385 2183 443 2254 Non
465 2195 558 2279 plane
580 2194 718 2280 gemella
741 2199 817 2259 sunt
840 2194 896 2258 sed
914 2199 1023 2259 tamen
1040 2193 1103 2260 hoc
1121 2195 1251 2258 nomine
1271 2196 1499 2279 comparabilia
1518 2219 1599 2280 quae
1614 2221 1640 2261 ro

383 2290 461 2388 Phto
483 2301 596 2367 scribit
618 2303 653 2366 in
676 2301 794 2387 Lyside
812 2299 935 2388 (204e)
960 2302 1073 2378 ἱκανὸς
1095 2302 1159 2388 γὰρ
1181 2299 1236 2366 καὶ
1260 2301 1324 2366 ἀπὸ
1347 2304 1454 2386 μόνον
1477 2302 1599 2368 τούτου
1634 2281 1639 2292 ’

381 2410 621 2484 γιγνώσκεσθαι.
659 2407 703 2473 Et
726 2410 848 2491 ἱκανός,
873 2431 956 2493 quae
980 2430 1043 2473 vor
1061 2430 1128 2473 non
1146 2410 1284 2472 multum
1304 2409 1439 2474 discedit
1458 2410 1497 2474 ab
1517 2411 1599 2487 ἅλις,

380 2512 406 2571 ut
427 2511 509 2580 haec
530 2515 595 2580 duo
619 2515 654 2580 in
676 2538 741 2580 una
764 2518 922 2581 sententia
944 2515 1056 2580 haberi
1080 2537 1145 2581 non
1169 2517 1347 2600 potuerint,
1376 2517 1528 2600 quoniam
1552 2517 1600 2581 di-

381 2616 452 2684 citnr
477 2623 504 2686 is
532 2622 588 2707 qui
616 2623 696 2687 satis
723 2644 782 2708 per
808 2645 842 2687 se
870 2628 919 2687 est
946 2622 1029 2687 nihil
1056 2628 1093 2687 ut
1122 2623 1260 2707 amplius
1284 2624 1479 2708 requiratur,
1511 2624 1599 2687 velut

381 2719 445 2790 Oed.
464 2728 539 2816 Reg
559 2729 625 2796 376

525 2836 567 2903 οὐ
590 2838 654 2920 γάρ
678 2855 715 2902 σε
738 2849 839 2921 μοῖρα
861 2839 943 2920 πρός
966 2836 1004 2920 γ’
1026 2835 1108 2921 ἐμοῦ
1131 2849 1260 2918 πεσεῖν,
1285 2835 1353 2902 ἐπεὶ

526 2942 702 3028 ἱκανὸς*)
719 2941 897 3028 Ἀπόλλων,
920 2937 1037 3032 ᾧτάδ’
1065 2942 1223 3030 ἐκπρᾶξαι
1246 2943 1353 3029 μέλει,

388 3043 428 3108 rel
447 3045 606 3115 Phoeniss.
624 3051 692 3115 554

410 3168 412 3172 ’
686 3159 721 3222 τί
742 3153 773 3222 d'
799 3155 1070 3238 intermittam
1094 3160 1188 3245 ὄνομ’
1214 3157 1281 3246 ἔχει
1304 3163 1422 3243 μόνον·

394 3328 398 3333 .
523 3263 594 3331 ἐπεὶ
619 3264 659 3331 τά
682 3263 712 3349 γ’
740 3263 903 3349 ἀρκοῦνθ’
932 3267 1049 3331 ἱκανὰ
1071 3277 1141 3344 τοῖς
1163 3291 1200 3351 γε
1225 3269 1411 3353 σώφροσιν,
1613 3297 1639 3338 ro

396 3384 478 3443 nonne
503 3372 729 3458 percommode
761 3373 838 3439 huic
865 3375 1043 3439 sententiae
1070 3380 1212 3460 aptatur3
1244 3380 1277 3440 et
1304 3376 1380 3459 quia
1408 3376 1522 3441 ἐλθεῖν
1549 3380 1598 3440 est

400 3475 464 3551 quod
479 3479 591 3545 ἱκανὸν
609 3501 679 3545 esse
698 3480 827 3562 dicitur,
845 3503 886 3545 ne
904 3484 974 3545 erat
994 3481 1123 3564 quidem
1142 3482 1182 3545 ad
1202 3482 1314 3547 ἐλθὼν
1328 3482 1414 3566 quod
1428 3483 1598 3547 adderetur

399 3577 488 3667 pom,
511 3586 599 3671 quod
626 3608 721 3671 saepe
748 3592 861 3652 nostro
889 3588 1048 3652 sentiendi
1073 3610 1133 3652 usn
1156 3591 1259 3675 magis
1283 3612 1379 3673 quam
1404 3588 1597 3654 Graecorum

399 3701 465 3753 more
486 3692 726 3781 desideratur*).
764 3693 912 3778 Denique
940 3716 1004 3779 quo
1028 3696 1133 3780 magis
1156 3696 1380 3760 insimulemur
1403 3694 1596 3761 Graecorum

398 3798 482 3871 rats
503 3799 724 3865 Romanorum
757 3822 818 3886 ope
850 3802 1055 3886 interpretari
1088 3802 1183 3887 velle,
1216 3807 1320 3867 totum
1353 3808 1496 3868 tenorem
1530 3824 1598 3866 ora-

359 3892 471 3967 1⁰50nis
496 3929 591 3992 quam
623 3907 823 3973 restituimus
856 3914 888 3973 et
916 3909 1156 3993 explanavimus
1185 3912 1276 3993 quasi
1304 3932 1362 3994 per
1389 3914 1496 3995 partes
1524 3932 1596 3975 suas

397 4008 516 4083 rannus
538 4013 590 4079 his
612 4012 780 4080 Claudiani
802 4014 947 4080 versibus
971 4015 1124 4080 declarari
1149 4037 1230 4099 quos
1253 4016 1367 4081 scribit
1389 4018 1422 4080 in
1443 4015 1596 4080 Rufinum

398 4102 485 4206 (¹¹94)
953 4216 1079 4279 taudem
1102 4235 1244 4280 accurre
1266 4215 1369 4278 ruendi

524 4318 598 4383 Heu
613 4322 755 4401 patriae,
778 4320 908 4386 Stilicho
926 4371 1046 4386 ......

396 4437 578 4460 N——mn

458 4524 516 4597 ⁸1⁷)
535 4527 576 4585 Οἱ
596 4530 703 4587 similia
719 4531 832 4588 Hercul.
849 4540 918 4589 less

648 4622 715 4677 θεοὶ
732 4617 762 4677 δ’
783 4622 852 4678 ὅταν
870 4633 1000 4693 τιμῶσιν,
1019 4625 1104 4681 οὐδὲν
1122 4628 1168 4681 δεῖ
1185 4626 1282 4695 φίλων.

648 4710 724 4775 ἅλις
741 4710 795 4781 γὰρ
814 4711 830 4766 d
848 4713 918 4775 θεὸς
936 4715 1066 4783 ὠφελῶν,
1084 4713 1153 4771 ὅταν
1172 4716 1251 4790 θέλῃ.

386 4786 457 4851 (Μ
470 4803 520 4853 td?
647 4796 717 4855 ὅταν
735 4797 764 4854 δ’
785 4800 800 4855 d
820 4800 931 4871 δαίμων
950 4799 980 4857 εὖ
1000 4805 1085 4877 διδῷ,
1103 4802 1131 4859 τί
1149 4808 1195 4860 δεῖ
1211 4804 1315 4875 φίλων,

382 4945 386 4950 ,
648 4889 749 4958 ἀρκεῖ
765 4889 818 4959 γὰρ
837 4891 922 4955 αὐτὸς
940 4891 956 4946 d
974 4892 1044 4954 θεὸς
1062 4894 1181 4961 ὠφελεῖν
1200 4894 1300 4952 θέλων.

378 4969 486 5039 Quorum
498 4976 571 5032 illud
584 4993 638 5047 par
651 4995 779 5033 versuum
793 4996 827 5033 cx
841 4978 894 5034 hoc
909 4997 970 5036 esso
984 4985 1097 5051 praeter
1110 4986 1212 5052 poetae
1221 4987 1345 5040 mentam
1354 4986 1479 5041 effictum
1489 4987 1594 5041 volunt.

372 5062 678 5135 [AddeLyrirtr.1oto
700 5063 787 5122 πάντ’
807 5068 907 5139 ἀγαθὰ
925 5071 973 5124 καὶ
992 5070 1082 5141 λέγειν
1100 5073 1148 5126 καὶ
1168 5076 1252 5141 δρᾶν·
1272 5074 1376 5131 ἱκανὰ
1395 5076 1448 5145 γὰρ
1466 5076 1501 5131 τὰ
1520 5077 1594 5131 κακὰ

368 5154 413 5209 ud
430 5153 464 5209 τὰ
481 5153 697 5228 παρακείμενα]

450 5243 513 5313 ’24)
532 5244 595 5300 Uno
614 5245 743 5316 exemplo
757 5249 877 5315 utemur,
895 5248 1009 5319 Hippol.
1025 5255 1077 5304 804
1096 5260 1229 5306 τοσοῦτον
1244 5251 1323 5320 ἴσμεν
1337 5252 1363 5305 h.
1379 5269 1403 5307 e.
1420 5254 1486 5307 ‘nur
1499 5269 1529 5308 so
1542 5255 1595 5308 viel

359 5336 457 5391 vium
474 5334 545 5390 wir?
