3925 6675
486 1123 539 1174 DE
555 1123 692 1175 FORMIS
710 1123 922 1186 QUIBUSDAM
941 1125 1165 1175 SENTENTIAE
1184 1125 1470 1177 COMPARATIVAE.
1537 1123 1600 1190 195

528 1283 625 1369 τέρας
649 1285 711 1367 γὰρ
735 1284 754 1350 ὁ
777 1287 851 1368 βίος
872 1286 926 1349 καί
951 1287 991 1349 τὰ
1014 1283 1176 1369 πράγματ’
1204 1285 1276 1352 ἐστί
1296 1311 1369 1370 μοι,

527 1393 568 1456 τά
589 1387 651 1473 μὲν
674 1389 726 1456 δι’
740 1388 864 1474 Ἥραν,
888 1393 928 1455 τὰ
951 1387 989 1456 ol
1011 1393 1049 1456 τὸ
1072 1393 1192 1468 κάλλος
1216 1398 1336 1458 αίτιον·

526 1496 592 1563 εἶθ’
621 1494 887 1581 ἐξαλειφθελσ’
915 1499 965 1574 ῶς
988 1497 1124 1582 ἄγαλμ’
1151 1494 1254 1576 αὖθις
1276 1500 1377 1565 πάλιν

526 1611 658 1689 αι’σχιον
680 1597 770 1681 εἶδος
792 1603 867 1670 ἀντὶ
890 1614 951 1670 τοῦ
973 1611 1078 1670 καλοῦ
1094 1604 1217 1689 ’λάβον

360 1717 463 1777 semet
486 1712 647 1798 extergeri
666 1712 756 1795 cupit
773 1716 938 1794 tamquam
957 1712 1116 1795 picturam
1136 1718 1172 1778 ut
1190 1714 1367 1798 turpiorem
1386 1736 1445 1799 pro
1465 1715 1600 1798 pulchra

360 1819 502 1904 speciem
524 1820 737 1884 nanciscatur.
775 1817 965 1902 Supplicum
989 1819 1106 1884 chorus
1130 1820 1177 1884 ita
1199 1822 1286 1885 canit
1309 1820 1348 1884 de
1372 1843 1405 1886 se
1429 1819 1525 1908 (961)

525 1925 676 1990 δυσαίων
699 1922 729 1988 δ’
756 1924 775 1989 ὁ
797 1928 885 2007 βίος,

523 2033 701 2114 πλαγκτὰ
724 2029 753 2096 δ’
782 2033 877 2097 ὡσεί
897 2057 955 2108 τις
978 2031 1123 2116 νεφέλα

524 2140 758 2223 πνευμάτων
781 2137 855 2204 ὑπὸ
880 2141 1083 2223 δυσχίμων
1106 2139 1243 2224 ἀίσσω,

363 2268 443 2330 quae
462 2246 559 2311 facile
577 2250 727 2330 poterant
744 2247 904 2330 integram
923 2246 1173 2330 comparationis
1191 2248 1329 2313 formam
1347 2249 1487 2333 induere,
1510 2251 1599 2314 velut
1613 2276 1639 2317 ιο

363 2353 406 2429 ὣς
427 2375 461 2416 π.
485 2352 610 2436 νεφέλα
637 2353 836 2437 πνευμάτων
863 2353 928 2418 ὑπὸ
956 2354 1129 2437 δυσχίμων
1155 2353 1278 2438 ἀίσσει,
1306 2356 1352 2420 sic
1374 2378 1435 2441 ego
1458 2356 1597 2421 miseriis

364 2463 479 2524 vexata
505 2481 619 2545 vagor;
645 2481 733 2525 nunc
759 2459 816 2524 illa
844 2465 1008 2526 contracta
1036 2481 1132 2544 quam
1161 2460 1297 2526 dicimus
1324 2463 1449 2527 ratione
1480 2461 1597 2528 chorus

366 2588 445 2649 quse
470 2565 568 2630 nubis
597 2568 730 2631 suntin
757 2588 791 2631 se
819 2566 994 2631 transtulit.
1030 2565 1068 2630 lu
1092 2566 1228 2632 Troasin
1252 2567 1479 2636 Andromacha
1501 2568 1598 2657 (750)

523 2669 549 2738 ὦ
572 2685 648 2756 παῖ,
671 2674 839 2758 δακρύεις;

523 2782 557 2844 τί
578 2805 645 2865 μου
669 2779 824 2865 δέδραξαι
847 2782 940 2865 χερσί
963 2780 1113 2866 κάντέχει
1135 2781 1285 2865 πέπλων,

523 2889 690 2964 νεοσσὸς
713 2885 805 2976 ὡσεὶ
827 2887 1025 2971 πτέρυγας
1048 2891 1262 2954 είσπίτνων
1285 2888 1392 2973 ἐμάς,

374 3013 462 3075 quam
485 2994 756 3078 comparationem
778 2994 905 3078 plenius
929 2994 1022 3059 effert
1044 2995 1176 3082 Megara
1198 2997 1232 3059 in
1251 2994 1390 3060 Hercule
1410 2997 1449 3060 71
1462 3018 1507 3080 sq.
1546 2997 1597 3062 Ex

375 3096 537 3167 Plutarcho
555 3123 658 3185 pauca
676 3100 715 3164 de
733 3101 845 3166 multis
864 3123 946 3185 quae
965 3101 1064 3166 habet
1082 3102 1199 3167 similia
1213 3103 1397 3186 selegimus:
1417 3103 1455 3167 de
1470 3104 1596 3168 defectu

378 3225 449 3269 orac.
462 3227 487 3271 c
500 3207 520 3271 8
534 3230 564 3292 p.
579 3209 672 3273 4140

497 3313 583 3380 οὕτω
601 3317 677 3380 τότε
694 3319 847 3381 πλείοσιν
865 3314 982 3400 ίχρήτο
1002 3326 1130 3399 φωναῖς
1143 3317 1227 3400 πρὸς
1240 3319 1396 3394 πλείονας
1409 3316 1429 3400 ἡ
1443 3323 1594 3403 μαντική,
1610 3345 1636 3386 so

541 3432 606 3487 νῦν
629 3419 666 3487 δὲ
689 3423 887 3488 τούναντίον
905 3420 973 3489 ἔδει
992 3424 1178 3506 θαυμάζειν
1195 3425 1366 3507 τὸνθεόν,
1385 3426 1415 3489 εί
1431 3427 1595 3508 περιεώρα

539 3531 601 3612 τήν
620 3530 782 3612 μαντικήν
801 3529 1002 3614 ἀχρήστως
1021 3531 1137 3613 δίκην
1156 3530 1300 3606 ὕδατος
1319 3529 1593 3615 ἀπορρέουσαν

541 3636 561 3718 ἣ
583 3637 762 3721 καθάπερ
786 3638 824 3700 al
847 3636 985 3719 πέτραι
1009 3636 1208 3720 ποιμένων
1227 3635 1270 3701 ἐν
1288 3636 1428 3724 ἐρημίᾳ
1447 3636 1510 3701 καὶ
1529 3641 1594 3720 βο-

541 3744 749 3827 σκημάτων
771 3754 922 3827 φωναῖς
945 3743 1206 3827 ἀντηχοῦσαν.

389 3838 447 3908 1)οο
462 3851 547 3932 ponit
564 3849 720 3941 exempla,
738 3871 875 3934 quornm
894 3851 956 3915 hoc
974 3850 1120 3933 alterum,
1140 3850 1226 3934 quod
1240 3852 1301 3933 τήν
1315 3854 1476 3935 μαντικήν
1491 3852 1594 3936 ipsam

391 3954 421 4010 ul
438 3973 502 4019 saxa
521 3958 554 4020 in
577 3956 751 4021 solitudine
774 3963 940 4041 pastorum
964 3963 997 4021 et
1019 3959 1144 4041 pecoris
1166 3957 1301 4022 vocibus
1320 3964 1522 4023 resonantem
1540 3982 1594 4043 ap-

323 4079 325 4138 ζ
392 4054 477 4141 pellet,
495 4063 652 4158 audacius·
667 4063 822 4147 videatur,
845 4063 901 4128 sed
919 4065 1002 4128 ratio
1021 4064 1147 4128 dicendi
1166 4064 1275 4128 eadem
1294 4068 1351 4128 est.
1390 4063 1594 4148 Simpliciora

323 4159 324 4172 ¹
394 4168 453 4226 ml
469 4167 548 4253 haec,
570 4170 609 4234 de
632 4170 738 4235 cohib.
757 4172 804 4235 ira
822 4191 847 4236 c.
869 4171 912 4235 10
929 4194 959 4255 p.
978 4169 1076 4234 458d

498 4275 549 4341 καί
571 4279 654 4361 πρὸς
677 4279 809 4361 ἀμυναν
832 4278 898 4360 ἅμα
922 4289 1056 4343 σκοπῶν
1078 4280 1138 4342 τὸν
1157 4276 1201 4342 δι’
1224 4277 1326 4360 ὀργῆς
1344 4282 1471 4363 τρόπον
1489 4281 1592 4363 ἀπρα-

539 4409 619 4449 κτον
647 4384 790 4467 εὑρίσκω
818 4388 858 4450 τὰ
885 4386 1007 4468 πολλά,
1040 4386 1184 4469 δήγμασι
1211 4390 1330 4468 χειλῶν
1357 4386 1411 4450 καί
1439 4390 1593 4471 πρίσεσιν
1607 4413 1634 4454 ro

540 4490 688 4556 ὀδόντων
710 4490 764 4556 καί
788 4503 899 4568 κεναῖς
922 4491 1115 4575 ἐπιδρομαῖς
1138 4490 1192 4555 καί
1216 4494 1439 4575 βλασφημίαις
1458 4492 1593 4571 ἀπειλάς

540 4595 702 4680 ἀνοήτους
731 4595 885 4681 ἐχούσαις
911 4600 1249 4680 καταναλισκόμενον,
1281 4591 1355 4663 εἷθ’
1392 4600 1519 4684 ὥσπερ
1552 4601 1593 4666 ἐν

539 4714 622 4781 τοῖς
641 4687 804 4788 δρόμοις
821 4706 866 4769 τὰ
883 4706 1023 4769 παιδία
1037 4707 1146 4793 τῷμή
1161 4717 1321 4787 κρατεῖν
1336 4704 1485 4771 ἑαυτῶν
1498 4730 1591 4787 προ-

539 4813 832 4876 καταπίπτοντα
855 4820 924 4877 τοῦ
947 4810 1087 4887 τέλους
1110 4810 1166 4895 ἐφ’
1194 4812 1212 4877 ὃ
1237 4812 1400 4877 σπεύδει
1419 4816 1590 4894 γελοίως.

402 4892 440 4963 De
456 4911 616 4982 aeaeae
640 4938 666 4983 a
686 4917 707 4982 9
725 4940 756 5002 p.
775 4917 873 4982 sios

367 5008 396 5065 ¹⁸
503 5020 557 5087 κάν
583 5023 603 5107 ἣ
631 5026 735 5107 λόγου
759 5026 852 5101 τινὸς
874 5024 1066 5110 ἀπορρήτου
1089 5028 1253 5107 παρόντος
1276 5024 1296 5108 ή
1318 5024 1466 5110 πράξεως
1489 5042 1591 5091 σπου-

542 5130 634 5208 δαίας
655 5130 895 5216 περαινομένης
918 5131 1003 5216 ἀνήρ
1024 5134 1273 5215 πολυπράγμων
1291 5130 1446 5218 ἐπιφανῇ,
1469 5133 1591 5196 καθά-

542 5259 610 5321 περ
634 5239 734 5316 ocos
757 5244 878 5321 γαλής
899 5240 1234 5324 παραδραμούσης
1257 5244 1443 5322 αίρουσιν
1466 5237 1506 5303 ἐκ
1526 5238 1591 5321 μέ-

544 5360 609 5410 σου
631 5346 696 5411 καί
718 5344 1054 5431 ἀποκρύπτουσιν.

1326 5451 1376 5503 13*
