3925 6675
396 1129 463 1192 414
590 1131 663 1182 LIV.
683 1131 797 1181 INDEX
816 1130 1030 1182 manorum
1048 1129 1289 1182 HIBERNARUM
1310 1129 1441 1199 1901101.

395 1313 490 1355 versu
517 1292 644 1356 restitui
671 1313 766 1376 posse
793 1295 882 1356 ratus
910 1291 997 1376 quod
1021 1291 1180 1356 sententia
1203 1293 1349 1375 posceret
1378 1311 1438 1354 nec
1461 1294 1557 1374 poeta
1579 1287 1626 1354 in-

396 1398 529 1485 dignum
557 1403 654 1481 esset,
685 1399 725 1462 ab
749 1397 902 1485 Ussingio
931 1399 1138 1462 meritissimo
1162 1397 1271 1462 Plauti
1298 1399 1474 1482 interprete
1497 1401 1627 1481 sumpta

395 1506 577 1589 suspicione
601 1506 730 1590 scripsit

530 1611 621 1678 Clam
643 1633 771 1678 uaorm
788 1619 832 1678 est
854 1612 908 1677 ubi
923 1613 1054 1696 pulchre
1071 1612 1240 1678 habeamus
1261 1617 1352 1694 atque
1368 1613 1451 1677 hum
1468 1611 1627 1678 ambua-

1250 1739 1320 1785 mus
1342 1721 1432 1784 diem

395 1823 457 1890 Sed
486 1826 555 1890 eius
582 1826 734 1891 editionis
762 1847 835 1890 cum
857 1849 917 1892 nos
942 1827 1072 1911 quidem
1095 1826 1198 1891 multa
1225 1827 1399 1910 probemus
1423 1830 1456 1890 et
1479 1827 1557 1890 acite
1581 1827 1628 1890 in·

395 1933 509 1998 stituta
532 1955 600 1997 esse
622 1933 789 2017 fateamur,
811 1935 846 1998 in
868 1935 929 2000 hac
948 1955 1043 1999 causa
1062 1935 1102 1999 ab
1122 1935 1193 2018 ipso
1212 1938 1245 1998 et
1263 1934 1303 1998 ab
1323 1931 1477 2018 Ussingio
1496 1933 1627 2016 longius

395 2040 602 2125 discedimus,
633 2062 698 2105 non
731 2041 818 2124 quod
849 2063 1003 2127 negemus
1029 2041 1160 2124 pulchre
1186 2041 1354 2106 habeamus
1385 2041 1470 2104 recte
1498 2037 1562 2103 dici
1593 2041 1626 2101 et

395 2146 434 2212 de
456 2147 622 2230 epularum
647 2147 783 2212 lautitiis
806 2148 909 2232 accipi
931 2169 1036 2232 posse,
1059 2147 1147 2231 quod
1170 2152 1343 2231 utrumque
1361 2168 1432 2210 oum
1453 2143 1627 2230 Ussingius

355 2257 464 2320 ntum
487 2253 552 2318 Leo
577 2256 643 2319 suis
667 2254 821 2339 exemplis
845 2256 923 2320 satis
946 2255 1178 2319 confirmarunt
1201 2253 1312 2340 (Mero.
1332 2253 1410 2339 5833
1433 2249 1627 2336 Epin1573

394 2358 618 2447 poeniteo),
641 2361 696 2426 scd
720 2363 796 2445 quia
814 2361 1020 2427 vehementer
1042 2361 1228 2426 dubitamus
1251 2383 1347 2446 quam
1368 2359 1534 2425 commode
1553 2379 1626 2423 oum

394 2467 460 2532 illis
484 2489 565 2552 quae
593 2469 738 2533 scribunt
764 2469 818 2533 ubi
838 2469 969 2550 pulchre
996 2469 1164 2534 habeamus
1187 2468 1335 2534 connecti
1362 2467 1528 2552 potuerint
1549 2465 1627 2530 haec

394 2580 486 2655 atque
501 2575 584 2639 huuc
600 2576 816 2641 comburamus
834 2576 925 2655 dum,
949 2578 976 2640 si
996 2577 1126 2660 quidem
1144 2575 1260 2640 horum
1280 2576 1452 2640 verborum
1471 2575 1537 2638 vim
1555 2594 1627 2656 pro·

394 2683 497 2765 priam
520 2682 617 2745 etism
641 2681 676 2745 in
698 2683 908 2748 translatione
927 2684 976 2747 uti
994 2705 1053 2768 par
1071 2687 1121 2747 est
1142 2683 1333 2768 retinemus3
1356 2703 1466 2746 verum
1487 2679 1535 2744 illi
1554 2700 1627 2743 cum

394 2788 474 2852 haec
505 2787 546 2852 ad
578 2790 809 2874 generaliorem
838 2789 996 2873 quendam
1025 2789 1241 2876 significatum
1270 2788 1499 2874 depresserint,
1532 2807 1628 2870 quem

396 2896 550 2980 exemplis
574 2895 681 2961 allatis
702 2896 875 2980 declarant,
892 2896 981 2960 velut
1001 2895 1090 2960 Asin.
1106 2897 1170 2962 291
1191 2899 1268 2980 autu
1286 2917 1338 2979 epo
1356 2897 1438 2962 hana
1455 2894 1627 2978 (linguam)

394 3003 481 3068 iubeo
503 3009 609 3082 tacere,
632 3025 712 3085 quae
734 3003 858 3085 laquem
882 3003 1136 3082 haematitem,
1160 3003 1258 3068 Stich.
1278 3001 1344 3067 435
1366 3002 1449 3067 huuc
1470 3001 1527 3066 tibi
1550 3000 1663 3072 dedas

395 3111 486 3176 diem.
524 3127 574 3175 sr.
599 3110 709 3175 Meam
737 3111 861 3192 culpam
888 3110 1007 3188 habeto,
1035 3111 1101 3174 uisi
1122 3111 1219 3193 probe
1246 3112 1519 3188 excruciavero,
1548 3106 1629 3189 aliis,

396 3238 477 3301 quae
500 3239 540 3281 ne
559 3239 576 3280 e
594 3217 774 3303 longinquo
798 3216 927 3299 quidem
951 3216 993 3280 ad
1015 3219 1214 3282 ameuaai
1235 3219 1401 3282 notionem
1423 3214 1587 3295 accedunt,
1610 3235 1630 3277 a

355 3350 382 3390 ao
395 3323 478 3389 falso
495 3322 655 3408 principio
674 3323 812 3408 profecti
830 3323 893 3390 hoc
911 3346 1009 3407 porro
1028 3324 1210 3409 effecerunt,
1232 3327 1270 3388 ut
1290 3346 1371 3408 quae
1391 3323 1519 3389 suntin
1537 3321 1630 3387 Peni-

396 3431 460 3496 culi
487 3452 642 3515 responso
671 3431 710 3495 de
736 3432 934 3497 seuimortuo
961 3432 1013 3497 die
1040 3436 1072 3497 et
1101 3431 1139 3495 de
1166 3453 1239 3513 rapo
1266 3432 1331 3496 iam
1356 3430 1559 3508 incendenda,
1590 3428 1629 3493 iis

397 3538 610 3621 occasioque
636 3538 807 3622 provocari
834 3539 999 3622 potuerint
1022 3544 1055 3603 et
1077 3560 1171 3603 omne
1199 3539 1442 3604 hmdamentum
1467 3537 1630 3601 sublatum

396 3646 447 3709 sit.
484 3642 531 3709 Ut
553 3646 673 3708 mirum
696 3644 841 3709 videatur
863 3644 951 3709 hunc
972 3645 1056 3709 male
1080 3644 1303 3711 cohaerentem
1326 3644 1511 3711 criticorum
1536 3642 1632 3726 culpa

396 3772 575 3816 sermonem
604 3774 623 3815 a
651 3750 803 3815 Plautina
833 3752 867 3816 in
898 3752 961 3817 hoo
993 3774 1109 3838 genere
1136 3754 1257 3817 virtute
1285 3752 1377 3817 valde
1405 3751 1631 3817 abhorrentem

396 3860 474 3923 viris
501 3858 635 3923 eruditis
662 3862 695 3923 ot
717 3860 751 3923 in
779 3879 813 3922 re
836 3858 988 3923 Plautina
1010 3861 1137 3946 egregie
1160 3861 1296 3924 versatis
1324 3860 1450 3944 placere
1473 3857 1632 3942 potuisse;

396 3966 477 4031 illud
500 3966 680 4031 omittimus
703 3988 744 4029 ne
766 3967 834 4031 veri
857 3966 986 4050 quidem
1011 3966 1115 4031 simile
1139 3987 1218 4049 esse,
1240 3966 1295 4031 ubi
1311 3966 1442 4047 pulchar
1463 3964 1631 4031 habeamus

397 4074 513 4138 abiisse
541 4074 574 4137 in
598 4095 740 4157 eaquae
764 4074 885 4158 scripta
907 4078 983 4137 sunt
1007 4073 1040 4137 in
1063 4072 1155 4137 libris
1177 4074 1232 4138 ubi
1253 4072 1427 4155 caucum
1454 4072 1631 4150 habeamus,

396 4188 452 4245 aut
476 4180 629 4266 Ussingio
658 4180 832 4265 contigisse
859 4184 896 4245 ut
924 4179 987 4245 hoc
1012 4180 1068 4263 qui
1092 4180 1213 4245 iactum
1237 4184 1322 4246 esset
1350 4178 1511 4265 probabili
1535 4178 1630 4244 modo

397 4288 639 4352 demonstraret.
686 4285 807 4351 Contra
834 4286 891 4351 ubi
918 4294 1057 4353 mortuus
1080 4290 1291 4370 memoratur,
1319 4287 1398 4371 quid
1427 4286 1500 4351 miri
1524 4286 1568 4350 ibi
1592 4284 1631 4348 da

356 4418 383 4456 ao
396 4394 568 4477 sepeliam
591 4394 665 4477 dici,
689 4416 771 4478 quae
790 4398 827 4458 ut
849 4395 884 4458 in
906 4416 1013 4459 rerum
1032 4400 1147 4459 natura
1167 4398 1288 4459 secreta
1306 4416 1371 4460 non
1391 4396 1477 4477 sunt,
1500 4392 1546 4457 sic
1565 4393 1632 4457 vul-

397 4501 467 4587 gari
491 4500 628 4583 quadam
647 4500 800 4584 loquendi
820 4500 1050 4565 consuetudine
1069 4502 1214 4585 copulari
1238 4500 1352 4584 solent,
1371 4500 1458 4585 quod
1476 4520 1579 4587 genus
1598 4498 1632 4565 in

398 4606 633 4690 Amphitruone
654 4606 741 4671 1074
759 4612 870 4671 narrat
887 4606 1019 4671 Bromia
1037 4609 1108 4690 quis
1127 4608 1178 4672 bia
1196 4614 1239 4673 est
1256 4628 1356 4688 amec,
1379 4609 1435 4689 qui
1453 4612 1525 4673 aute
1542 4606 1633 4672 aedes

397 4719 521 4778 nostrae
545 4715 593 4779 sic
620 4714 719 4777 ioca?
750 4734 905 4779 numnam
930 4714 1013 4779 huuc
1033 4718 1188 4796 peruasit
1210 4715 1376 4797 Iuppiter?
1409 4714 1497 4779 aedo
1520 4713 1632 4795 edqroh

398 4842 474 4883 uam
491 4840 553 4901 pro
571 4820 716 4902 Iuppiter
737 4822 920 4903 aepultust
941 4822 1035 4904 amai
1053 4824 1095 4888 sit
1118 4828 1297 4901 mortuus,
1320 4822 1377 4887 ubi
1393 4843 1460 4887 non
1480 4820 1632 4905 intelligi·

398 4948 470 4991 mus
494 4928 571 5010 quid
595 4928 638 4991 sit
662 4928 749 5011 quod
771 4927 837 4993 Leo
860 4928 944 4993 hanc
967 4928 1140 4993 dictionem
1165 4934 1347 5015 suspectam
1367 4950 1435 4995 esso
1458 4927 1554 5009 dicat,
1576 4930 1632 4992 aut

398 5054 480 5117 quae
503 5035 542 5099 de
560 5032 659 5098 Ennii
677 5033 860 5099 Euhemero
882 5036 981 5099 refert
999 5034 1187 5101 Lactantius
1212 5036 1273 5101 div.
1289 5036 1363 5100 inst.
1378 5053 1390 5099 1
1412 5034 1463 5117 ll,
1476 5035 1520 5099 65
1540 5032 1632 5101 Caelo

397 5162 455 5206 ovo
473 5161 562 5223 quaem
580 5142 865 5208 dicitEuhemerue
882 5144 919 5208 iu
936 5142 1074 5209 Oceania
1098 5149 1279 5209 mortuum
1301 5148 1329 5209 et
1349 5144 1383 5207 iu
1400 5142 1513 5224 oppido
1531 5140 1633 5206 Arda·

398 5251 448 5313 cia
470 5248 671 5330 sepultum
695 5248 814 5314 similia
831 5248 953 5332 Livius,
976 5254 1013 5313 ut
1032 5248 1208 5332 xxxv120,
1224 5250 1245 5315 5
1264 5249 1309 5313 ibt
1327 5256 1466 5315 mammes
1483 5249 1633 5331 κραθεισ-

396 5376 455 5437 oue
472 5355 671 5434 Alerauder;
695 5361 751 5420 aut
769 5355 1003 5438 mw1156,l
1030 5356 1069 5421 de
1088 5354 1239 5440 Scipione
1259 5378 1332 5421 cum
1351 5355 1430 5421 dicit
1448 5356 1547 5421 man
1566 5354 1634 5420 otia
