3925 6675
518 1124 569 1175 DE
588 1123 754 1176 scnoans
772 1125 811 1175 IN
830 1123 1064 1176 ARISTOTELIS
1083 1125 1329 1176 RHETORICAII.
1475 1124 1541 1188 465

300 1287 390 1369 πρὸς
415 1287 456 1351 τὰ
479 1286 662 1371 πράγματα.
698 1283 788 1350 Haec
815 1285 925 1368 verba,
953 1307 1035 1369 quae
1059 1289 1222 1350 auctorem
1246 1308 1311 1351 non
1335 1285 1456 1352 habent
1480 1289 1542 1353 nisi

256 1408 284 1465 4
303 1392 395 1458 hunc
419 1391 635 1476 scholiastam,
658 1391 727 1457 loh.
745 1390 807 1456 lac.
827 1391 978 1456 Reiskius
1002 1393 1048 1457 sic
1072 1392 1239 1458 emendata
1261 1397 1299 1458 ut
1317 1395 1470 1459 scriberet
1488 1397 1543 1460 nal

306 1500 420 1584 ἀηδῶς
447 1499 600 1586 ἀφορῶσι
627 1501 711 1579 πρὸς
732 1523 760 1564 τ.
777 1505 812 1563 o.
840 1499 942 1584 ipsius
970 1521 1040 1564 esse
1062 1498 1289 1564 Demosthenis
1313 1501 1411 1565 verba
1434 1502 1541 1566 eristi-

305 1607 410 1671 marit
429 1604 508 1693 (ind.
527 1603 636 1672 Graec.
655 1604 821 1670 Demosth.
841 1626 864 1669 s.
884 1628 913 1670 v.
931 1604 1097 1692 ναυτιᾷν),
1116 1629 1216 1691 eaque
1235 1609 1291 1690 qui
1309 1608 1454 1692 reliquiis
1474 1630 1541 1673 ora·

306 1715 435 1778 tionum
463 1711 784 1779 Demosthenicarum
812 1714 934 1798 recepit
960 1711 1006 1800 (p.
1025 1714 1092 1777 254
1110 1736 1141 1778 n.
1163 1712 1218 1801 16)
1247 1714 1357 1779 Herm.
1380 1714 1541 1800 Sauppius

307 1821 354 1885 ita
376 1820 535 1885 iudicavit
556 1824 594 1885 ut
617 1819 732 1904 ‘neque
755 1820 928 1905 quicquam
951 1820 1055 1885 inesse
1079 1820 1166 1904 quod
1184 1820 1418 1888 Demosthenes
1437 1823 1541 1890 dicere

306 1949 374 1992 non
402 1929 548 2011 potnerit
574 1949 678 2012 neque
706 1927 898 1992 scholiastae
921 1926 978 1991 illa
1001 1949 1181 1992 sermonem
1204 1929 1335 1993 referre'
1359 1931 1541 1996 affirmaret.

307 2035 337 2099 A
362 2055 500 2118 quorum
525 2033 733 2119 opinionibus
756 2057 822 2099 non
842 2034 957 2099 leviter
976 2034 1124 2099 discessit
1143 2034 1266 2120 collega
1284 2042 1394 2101 noster
1412 2036 1542 2103 Ulrious

305 2143 348 2208 de
361 2139 826 2224 Wilamowitahloellendorff,
849 2143 905 2225 qui
926 2143 960 2206 in
978 2141 1142 2206 luculento
1163 2164 1258 2228 opere
1278 2144 1364 2228 quod
1384 2149 1543 2232 Πολιτείᾳ

300 2247 494 2333 Ἀθηναίων
516 2249 668 2314 restituta
690 2247 729 2312 de
747 2247 924 2313 Aristotele
945 2253 978 2314 et
996 2248 1134 2313 Athenis
1152 2249 1230 2314 fecit
1248 2248 1324 2337 (vol.
1340 2268 1352 2314 1
1366 2274 1396 2335 p.
1412 2251 1478 2316 350
1487 2251 1542 2338 n),
1556 2281 1582 2320 ro

304 2378 380 2421 oum
403 2355 437 2420 id
461 2359 571 2443 ageret
593 2359 630 2420 ut
648 2356 789 2420 rationes
809 2377 890 2439 quae
908 2359 1015 2420 essent
1032 2355 1204 2421 Aristoteli
1223 2380 1295 2423 cum
1315 2357 1541 2425 Demosthenis

303 2462 492 2548 eloquentia
510 2462 713 2547 patefaceret,
734 2463 797 2527 hoc
815 2462 999 2547 exemplum
1017 2462 1245 2528 Demosthenis
1264 2467 1393 2531 nomine
1412 2467 1452 2531 ab
1471 2466 1543 2531 Ari·

303 2567 423 2635 stotele
442 2570 576 2634 citatum
595 2574 727 2652 atquae
747 2568 920 2634 scholiasta
939 2568 979 2634 ad
998 2569 1031 2633 id
1050 2570 1275 2654 explicandum
1290 2572 1407 2638 adiecit
1420 2575 1542 2639 acriore

304 2676 427 2741 iudicio
455 2676 635 2761 temptavit.
672 2675 734 2753 Qui
763 2675 842 2741 haec
869 2676 999 2760 quidem
1024 2699 1104 2760 quae
1128 2678 1301 2743 scholiasta
1324 2681 1416 2745 affert
1439 2681 1479 2746 ab
1503 2704 1541 2746 eo

304 2790 474 2868 tamquam
489 2782 716 2849 Demosthenis
735 2784 841 2868 verba,
860 2805 897 2848 ea
916 2805 998 2867 quae
1011 2783 1203 2850 Aristoteles
1223 2786 1419 2870 indicaverit,
1434 2788 1541 2852 afferri

303 2895 431 2976 censet,
459 2890 514 2956 sed
541 2912 578 2956 ea
603 2895 717 2976 utpote
740 2890 861 2975 dupHci
884 2891 976 2956 hiatu
1000 2892 1150 2957 informia
1173 2915 1191 2956 a
1214 2891 1441 2957 Demosthenis
1466 2894 1541 2959 stilo

301 2998 492 3081 abhorrere,
519 3002 556 3062 ut
583 2998 720 3062 alterum
748 3002 856 3063 utrum
884 3000 1115 3063 consectarium
1144 3000 1213 3082 fiat,
1240 3004 1296 3064 aut
1323 2999 1541 3080 Aristotelem,

303 3106 394 3191 quod
417 3105 472 3170 vix
495 3105 649 3170 credibile
671 3107 723 3190 sit,
745 3105 827 3170 falsa
849 3104 1078 3171 Demosthenis
1102 3107 1246 3171 oratione
1270 3129 1328 3191 pro
1352 3129 1428 3171 vera
1446 3131 1540 3172 usum

303 3235 387 3296 esse,
410 3217 467 3278 aut
490 3213 695 3279 scholiastam
717 3235 789 3277 ase
807 3213 883 3277 ficta
900 3233 959 3296 pro
978 3213 1086 3277 verbis
1104 3212 1332 3278 Demosthenis
1351 3214 1539 3280 venditasse.

305 3319 370 3387 Sed
394 3319 479 3386 idem
502 3320 600 3386 etiam
623 3319 662 3385 de
685 3319 783 3385 simili
807 3321 879 3406 ipso
903 3320 990 3405 quod
1011 3325 1060 3386 est
1078 3321 1111 3385 in
1131 3320 1291 3387 rhetorica
1310 3320 1407 3388 dubia
1425 3324 1540 3389 movit:
1554 3350 1581 3390 ao

305 3450 419 3513 parum
443 3428 529 3493 enim
551 3427 719 3513 probabile
742 3427 843 3493 videri
861 3427 1080 3512 Aristotelem,
1104 3430 1160 3512 qui
1179 3450 1243 3492 non
1262 3430 1357 3494 nimis
1377 3430 1540 3497 studiosus

304 3536 489 3601 orationum
526 3534 848 3601 Demosthenicarum
882 3535 994 3618 fuerit,
1030 3540 1105 3621 post
1141 3559 1178 3600 ea
1214 3557 1296 3621 quae
1332 3536 1429 3621 paulo
1467 3543 1540 3603 ante

302 3641 442 3728 (1406b
457 3640 516 3729 35)
538 3642 645 3727 posita
667 3647 743 3707 sunt
765 3640 819 3706 καὶ
840 3642 860 3726 ἡ
880 3645 927 3719 εἰς
945 3644 1006 3708 τὸν
1025 3645 1139 3727 δῆμον,
1164 3644 1215 3708 ὅτι
1234 3644 1347 3727 ὅμοιος
1365 3648 1540 3733 ναυκλήρῳ

301 3752 432 3838 ἰσχυρῷ
451 3749 513 3834 μὲν
535 3749 704 3837 ὑποκώφῳ
728 3747 769 3814 δέ
788 3749 871 3814 hanc
894 3749 1025 3815 alteram
1052 3751 1324 3835 comparationem
1348 3761 1409 3816 τοῦ
1433 3754 1540 3837 δήμου

303 3878 380 3922 cum
403 3878 438 3921 re
461 3857 623 3921 marItima
645 3861 775 3921 auctore
798 3855 1016 3921 Demosthene
1036 3857 1255 3941 superioribus
1274 3858 1433 3923 adiecisse.
1466 3858 1540 3923 Ter-

304 3965 373 4029 tins
396 3964 437 4028 ad
458 3985 527 4029 eam
545 3985 613 4029 rem
632 3963 845 4049 indagandam
865 3965 1058 4029 novissimus
1078 3964 1256 4030 rhetoricae
1274 3966 1379 4029 editor
1397 3968 1540 4049 accessit,

300 4071 479 4157 Adolphus
498 4069 684 4154 Roemerus,
707 4073 763 4155 qui
787 4093 868 4156 quae
889 4070 1062 4135 scholiasta
1080 4070 1178 4135 tradit
1195 4070 1423 4137 Demosthenis
1441 4073 1540 4137 rerba

299 4200 377 4243 esse
399 4199 471 4244 cum
496 4177 630 4243 Reiskio
654 4176 861 4263 Sauppioqne
884 4177 947 4242 sibi
970 4179 1139 4262 persuasit,
1163 4177 1218 4242 sed
1241 4201 1278 4243 ea
1301 4179 1341 4243 ab
1365 4180 1539 4264 interprete

300 4306 373 4351 non
401 4306 441 4350 ex
463 4283 681 4350 Demosthene
704 4287 807 4371 petIta
829 4308 939 4350 verum
963 4308 1003 4349 ex
1027 4286 1181 4369 ampliore
1205 4285 1291 4369 qnod
1314 4286 1412 4350 luerit
1434 4286 1539 4351 rheto-

302 4392 391 4458 ricae
418 4393 593 4478 exemplari
622 4394 740 4457 tralata
767 4414 849 4458 esse:
876 4392 954 4456 talia
981 4392 1066 4457 enim
1094 4391 1156 4456 hoc
1178 4393 1251 4457 loco
1275 4392 1447 4457 desiderari
1466 4393 1540 4458 Ari·
1553 4419 1580 4459 so

300 4497 434 4565 etotelis
452 4520 574 4565 morem
595 4499 714 4565 indicio
734 4522 812 4583 esse,
831 4501 886 4584 qui
906 4521 988 4583 qnae
1006 4503 1184 4564 recenseret
1203 4499 1321 4563 similia
1340 4500 1409 4583 ipse
1423 4500 1540 4565 soleret

298 4607 493 4691 explanare3
516 4611 549 4671 et
570 4605 633 4672 hoc
656 4606 757 4693 igitur
779 4608 960 4691 exemplum
982 4606 1174 4671 documento
1198 4627 1265 4671 esse
1284 4608 1352 4671 eins
1371 4608 1417 4671 rei
1436 4609 1540 4673 voluit

299 4735 403 4798 quam
431 4712 543 4778 multis
571 4713 732 4798 variisque
756 4714 954 4799 argumentis
977 4712 1229 4778 demonstratum
1253 4713 1327 4797 ivit,
1354 4712 1539 4779 Aristotelis

303 4819 499 4886 rhetoricam
523 4821 667 4885 codicum
691 4821 847 4886 memoria
869 4842 933 4885 non
957 4820 1115 4906 integram
1140 4820 1195 4885 sed
1218 4842 1363 4885 mancam
1386 4827 1419 4884 et
1437 4822 1540 4885 minu-

302 4933 373 4993 tam
409 4927 450 4993 ad
486 4949 546 4993 nos
577 4929 770 5013 pervenisse.
812 4927 875 4992 Sed
907 4927 986 4992 haec
1017 4927 1074 4991 ubi
1107 4927 1220 4992 docere
1252 4928 1395 4991 instituit
1426 4926 1538 5013 (praef.

301 5057 338 5121 p.
356 5050 441 5099 mv
456 5032 529 5121 sq.)‚
551 5034 597 5100 ibi
622 5036 717 5100 simul
741 5057 822 5120 quae
845 5036 875 5099 ei
899 5034 1060 5099 adversari
1085 5034 1262 5099 sententiae
1285 5034 1469 5098 viderentur
1487 5055 1539 5097 ex·

301 5142 429 5228 posuit:
443 5163 526 5226 qnae
540 5143 625 5207 enim
639 5140 755 5208 horum
771 5141 968 5208 scholiorum
982 5146 1098 5206 natura
1112 5145 1205 5223 esset,
1220 5163 1316 5225 quarn
1331 5164 1361 5225 p.
1372 5158 1481 5204 xxxin
1491 5162 1538 5223 sq.

300 5246 453 5336 pluribus
480 5248 587 5315 verbis
610 5249 792 5333 descripsit,
818 5270 914 5335 posse
937 5250 1008 5314 fieri
1032 5254 1173 5334 atquae
1196 5247 1369 5313 scholiasta
1392 5247 1538 5312 adhunc

296 5358 414 5425 locum
437 5356 659 5443 adscripsisset
681 5362 746 5422 tam
770 5379 789 5421 a
812 5356 1030 5421 Demosthene
1053 5378 1149 5439 quam
1173 5355 1213 5420 ab
1236 5354 1411 5421 Aristotele
1434 5355 1539 5419 aliena

359 5470 659 5521 astruamur-rr
1289 5464 1324 5514 30
