3925 6675
706 1151 757 1201 DE
774 1150 957 1202 EURIPIDIS
975 1149 1155 1201 HERCULE.

480 1311 584 1390 ξύλον
605 1315 717 1378 καθίει
742 1311 914 1393 δαίδαλον,
937 1311 1045 1394 υευδῆ
1069 1314 1174 1376 δόσιν.

481 1417 536 1485 col
559 1417 597 1484 δ’
619 1419 662 1502 ἣν
684 1415 801 1502 ἔπερσε
824 1430 895 1495 τοῖς
918 1415 1090 1501 ἑκηβόλοις
1112 1413 1192 1482 ποτὲ

480 1525 606 1604 τόξοισι
630 1526 753 1591 δώσειν
777 1526 939 1608 Οἰχαλίαν
960 1523 1121 1608 ὑπίσχετο

269 1649 306 1703 Π
319 1635 354 1698 in
378 1632 499 1717 quibus
517 1631 714 1716 explicandis
733 1631 810 1696 olim
829 1629 994 1716 Hauptius
1013 1630 1190 1696 elaboravit
1208 1629 1429 1714 disputatione
1446 1628 1552 1693 bonae

315 1740 423 1824 frugis
446 1739 543 1822 plena
561 1761 588 1803 a.
605 1737 692 1803 1864
714 1737 810 1822 edita,
833 1738 971 1821 repetita
994 1738 1027 1801 in
1056 1735 1284 1822 opusculorum
1313 1735 1477 1802 volumine
1504 1756 1551 1799 se

315 1846 432 1911 cundo.
484 1844 573 1910 Haec
600 1867 676 1910 vero
704 1844 871 1928 Euripidis
899 1845 971 1928 quis
1001 1845 1056 1928 qui
1084 1865 1157 1908 cum
1185 1865 1262 1908 cura
1289 1843 1464 1910 attenderit
1485 1863 1551 1916 non

315 1952 543 2017 reminiscatur
581 1955 751 2037 poetarum
791 1951 1099 2034 Alexandrinorum,
1134 1949 1313 2036 Theocriti,
1354 1948 1552 2034 Callimachi,

315 2064 446 2144 praeter
469 2063 602 2141 ceteros,
626 2080 763 2143 quorum
786 2081 903 2145 magna
924 2080 1000 2142 pars
1024 2061 1074 2122 est
1097 2057 1131 2121 in
1154 2058 1216 2123 hoc
1239 2078 1355 2143 genere
1377 2062 1415 2121 ut
1438 2078 1548 2121 eorum
1588 2126 1590 2130 ¹

313 2168 487 2252 proprium
511 2187 579 2231 esse
602 2165 714 2230 multis
737 2165 892 2229 videatur.
933 2162 972 2228 In
990 2168 1102 2229 nostra
1120 2169 1227 2229 autam
1245 2163 1357 2228 fabule
1374 2183 1441 2228 non
1460 2183 1552 2228 secus

314 2272 474 2338 Hercules
498 2273 567 2357 ipse
590 2295 629 2337 ex
653 2270 737 2337 Orco
760 2293 906 2336 reversus
930 2294 1001 2336 cum
1025 2271 1136 2337 liberis
1160 2272 1226 2336 suis
1249 2271 1334 2335 ludit
1361 2268 1550 2335 amabiliter.
1567 2293 1593 2333 ιο

314 2379 421 2457 Quem
451 2379 509 2443 ubi
540 2379 765 2444 adventantem
797 2378 929 2464 Megara
958 2400 1031 2442 cum
1064 2379 1131 2442 suis
1161 2379 1300 2462 aspexit,
1330 2398 1447 2462 pueros
1477 2375 1551 2439 ilico

314 2488 456 2552 iusserat
818 2553 821 2560 ,
1596 2477 1600 2482 ’

364 2592 433 2657 520
479 2591 587 2675 δεῦρ’,
610 2589 636 2656 ὦ
660 2591 754 2668 τέκά,
778 2590 1001 2677 ἐκκρίμνασθε
1024 2589 1184 2680 πατρῴων
1203 2590 1347 2675 πέπλων,

481 2695 518 2763 ίτ’
545 2698 719 2782 ἐγκονεῖτε,
741 2699 786 2782 μὴ
809 2697 941 2783 μεθῆτ’,
964 2696 1034 2763 ἐπεὶ
1058 2699 1142 2775 Διὸς

480 2809 641 2890 Σωτῆρος
663 2805 746 2889 ὑμῖν
768 2804 870 2870 οὐδέν
893 2803 964 2870 ἐσθ’
993 2803 1043 2870 ὅδ’
1071 2804 1208 2888 ὕστερος

312 2914 366 2977 cui
394 2912 496 2976 inssui
520 2913 636 2975 sinon
659 2913 783 2996 statim,
812 2912 898 2996 quod
921 2911 991 2975 fieri
1014 2933 1080 2976 non
1108 2914 1248 2995 poterat,
1276 2911 1332 2975 sad
1360 2914 1467 2975 tamen
1496 2909 1551 2974 ob-

311 3025 513 3103 temperasse
545 3039 600 3082 eos
633 3018 720 3085 credi
752 3022 894 3104 oportet,
928 3040 1009 3102 quos
1042 3017 1138 3102 paulo
1170 3022 1247 3101 post
1276 3017 1419 3082 videmus
1449 3017 1552 3102 petris

310 3124 465 3190 reatibus
484 3126 620 3210 arreptis
638 3126 668 3190 ei
687 3125 948 3190 adhaerescentes
967 3129 1061 3190 stare.
1099 3123 1203 3200 Quare
1221 3123 1378 3190 Hercules
1397 3145 1416 3188 a
1435 3145 1463 3188 v.
1485 3123 1551 3188 622

480 3229 546 3295 ἀλλ’
574 3224 619 3296 εἷ’
642 3229 817 3316 ὁμαρτεῖτ’,
840 3227 866 3296 ὦ
890 3230 990 3314 τέκν’,
1013 3229 1047 3308 ἐς
1070 3232 1194 3314 δόμους
1216 3233 1327 3315 πατρί·
1667 3241 1669 3245 ’

479 3338 651 3416 καλλίονές
672 3333 744 3422 τᾶρ’
772 3340 897 3404 εἴσοδοι
920 3349 989 3403 τῶν
1012 3336 1137 3416 ἐξόδων
1564 3363 1591 3403 ao

479 3446 634 3530 πάρεισιν
656 3445 745 3527 ὑμῖν.
792 3444 876 3511 ἀλλὰ
898 3446 1027 3528 θάρσος
1052 3451 1156 3530 ίσχετε

365 3552 434 3617 625
482 3553 537 3617 καί
561 3550 685 3636 νάματ’
706 3552 817 3616 ὄσσων
840 3550 946 3635 μηκέτ’
969 3552 1123 3630 ἐξανίετε·

479 3660 522 3723 σύ
544 3656 582 3741 τ’,
606 3655 632 3724 ὦ
656 3659 755 3742 γύναι
778 3682 847 3743 μοι,
870 3659 1037 3742 σύλλογον
1060 3669 1167 3743 ψυχῆς
1190 3656 1268 3742 λαβὲ

481 3769 605 3849 τρόμου
628 3788 663 3830 τε
686 3774 824 3830 παῦσαι·
847 3764 903 3830 καὶ
926 3764 1068 3850 μέθεσθ’
1096 3765 1184 3851 ἐμῶν
1206 3765 1354 3831 πέπλων·

481 3872 520 3937 οὐ
544 3874 606 3954 γὰρ
630 3874 795 3955 πτερωτὸς
819 3868 898 3937 οὐδὲ
922 3871 1063 3955 φευξείω
1088 3877 1217 3955 φίλους.

483 4006 514 4060 “i

482 4083 544 4151 οἷδ’
573 4085 634 4151 οὐκ
657 4084 771 4170 άφιᾶσ’
801 4083 869 4149 ἀλλ’
899 4084 1101 4150 ἀνάπτονται
1125 4085 1260 4150 πέπλων

368 4193 436 4257 630
481 4193 603 4280 τοσῷδε
626 4196 768 4276 μᾶλλον·
791 4185 849 4256 ὧδ’
876 4188 960 4275 ἔβητ’
989 4189 1042 4256 ἐπὶ
1066 4191 1182 4276 ξυροῦ,

480 4297 546 4375 ἄξω
570 4300 683 4381 λαβών
705 4322 743 4382 γε
767 4297 881 4364 τούσδ’
909 4298 1089 4382 ἐφολκίδας
1110 4310 1234 4383 χεροῖν,

480 4414 563 4482 ναῦς
586 4403 616 4469 δ’
645 4405 689 4483 ὣς
712 4404 852 4488 ἐφέλξω·
875 4404 930 4471 καὶ
954 4407 1017 4491 γὰρ
1042 4406 1103 4471 οὐκ
1127 4405 1304 4491 ἀναίνομαι
1565 4429 1591 4469 ω

480 4512 676 4597 θεράπευμα
699 4512 834 4578 τέκνων.
880 4513 987 4577 πάντα
1010 4511 1221 4597 τάνθρώπων
1245 4519 1312 4579 ίσα·

481 4624 619 4703 φιλοῦσι
642 4621 763 4696 παῖδας
786 4618 868 4685 οἵτ’
893 4618 1067 4703 ἀμείνονες
1088 4622 1221 4705 βροτῶν

371 4726 434 4789 635
480 4724 564 4791 οἵτ’
592 4722 693 4791 οὐδὲν
716 4728 821 4802 ὄντες·
846 4728 1012 4811 χρήμασιν
1034 4722 1071 4791 δὲ
1094 4727 1264 4810 διάφοροι,

479 4829 626 4917 ἔχουσιν,
648 4831 734 4898 οἵδ’
761 4834 815 4898 οὔ·
839 4843 907 4898 πᾶν
930 4829 967 4898 δὲ
991 4837 1190 4916 φιλότεκνον
1212 4832 1317 4915 γένος.

330 4933 408 5003 llaec
434 4945 467 5003 et
492 4962 551 5004 sua
573 4943 741 5004 venustate
763 4941 892 5023 placent
915 4945 948 5005 et
970 4941 1004 5004 in
1028 4940 1068 5004 iis
1093 4941 1149 5023 qui
1172 4939 1250 5005 haec
1273 4942 1459 5024 aspexerint
1483 4963 1550 5006 non

333 5052 455 5124 pssunt
473 5067 540 5111 non
557 5066 686 5112 movere
704 5051 738 5111 et
755 5068 872 5133 augere
890 5043 985 5111 ἔλεον
1003 5045 1058 5111 καὶ
1078 5049 1187 5129 φόβον
1204 5051 1274 5112 tum
1293 5068 1366 5112 cum
1385 5051 1477 5132 pater
1489 5047 1550 5110 hos

334 5168 437 5229 pueros
456 5154 648 5237 quibuscum
667 5175 753 5219 nunc
771 5154 896 5217 iocatur
915 5154 1134 5217 amantissime
1153 5153 1279 5217 insania
1297 5157 1461 5237 correptus
1478 5175 1551 5236 pro

334 5263 411 5335 perat
422 5260 672 5344 pessumdatum.
696 5258 759 5324 Sed
774 5259 813 5324 de
826 5281 919 5324 versu
936 5259 1001 5323 633
1016 5261 1061 5323 ita
1080 5260 1147 5345 egit
1157 5259 1432 5343 Wilamowitzius,
1446 5263 1483 5323 ut
1497 5282 1551 5342 ap

335 5370 430 5442 pareat
442 5387 547 5450 neque
556 5365 635 5431 haec
649 5388 731 5451 quae
745 5366 919 5453 vulgantur
931 5388 1035 5449 neque
1050 5388 1131 5450 quae
1141 5363 1321 5451 temptabat
1331 5364 1385 5430 sed
1392 5369 1551 5449 temptata
