3925 6675
458 1155 524 1222 100
604 1157 756 1210 xxxvm.
774 1156 889 1207 INDEX
907 1153 1122 1207 LECI'IONUM
1138 1154 1381 1208 massanum
1399 1153 1531 1224 lssasss.

458 1342 541 1406 quos
564 1341 658 1385 nemo
682 1318 784 1383 nescit
803 1339 867 1382 una
885 1317 936 1381 die
954 1316 1123 1381 interiisse.
1158 1315 1259 1381 Porta
1277 1316 1407 1400 quidem
1424 1315 1508 1380 nihil
1526 1314 1692 1380 commisit

457 1427 547 1510 quod
569 1427 727 1511 culpetur,
750 1425 806 1490 sed
829 1429 936 1488 tamen
960 1423 1002 1488 ob
1026 1422 1187 1487 infelicem
1209 1423 1309 1488 istum
1332 1423 1456 1488 exitum
1475 1420 1552 1487 mali
1569 1421 1692 1486 ominis

458 1537 510 1598 ert
540 1537 577 1598 ut
608 1532 740 1597 vitanda
772 1532 835 1596 sit'
873 1530 924 1594 Ex
960 1529 1024 1596 hoc
1057 1533 1163 1594 autem
1196 1529 1357 1615 aequabili
1388 1534 1501 1595 tenore
1533 1528 1693 1594 orationis

458 1641 670 1724 consequitur
692 1642 747 1703 aut
770 1642 923 1723 quattuor
940 1658 1051 1701 versus
1070 1637 1267 1702 abiiciendos
1285 1657 1356 1701 esee
1374 1640 1431 1701 ant
1448 1636 1583 1700 nullum.
1627 1633 1695 1698 Ne

460 1769 523 1832 que
550 1751 659 1811 tamen
686 1746 858 1811 verendum
888 1748 937 1808 est
963 1766 1005 1810 ne
1033 1766 1115 1828 quae
1142 1765 1239 1828 supra
1266 1743 1305 1808 de
1328 1743 1543 1827 descriptione
1565 1743 1629 1807 loci
1652 1764 1695 1805 ex

461 1876 526 1938 qua
548 1876 655 1918 rerum
679 1853 896 1918 narrationem
921 1854 1047 1916 nectere
1069 1852 1171 1916 soleat
1194 1850 1325 1916 Ovidius
1353 1850 1502 1935 exposita
1530 1853 1606 1913 sunt
1632 1846 1696 1911 hac

460 1962 542 2026 inita
574 1960 699 2025 ratione
732 1960 896 2023 eleventur
926 1961 982 2022 aut
1009 1961 1150 2042 pereant.
1191 1955 1277 2021 Nam
1305 1958 1352 2022 sic
1379 1977 1509 2041 quoque
1541 1959 1575 2020 et
1605 1955 1695 2019 viam

461 2072 575 2153 portae
595 2065 806 2132 Carmentalis
830 2065 983 2130 describit
1002 2069 1035 2129 et
1053 2087 1091 2129 ea
1108 2064 1163 2129 via
1179 2063 1297 2130 Fabios
1315 2064 1479 2150 profectos
1498 2083 1567 2128 esse
1584 2061 1695 2144 refert,

463 2174 519 2238 sed
546 2173 603 2238 illa
631 2173 981 2242 sermonis.venustate
1011 2172 1111 2236 ascita
1137 2170 1235 2258 longe
1262 2171 1325 2236 hoc
1352 2169 1439 2255 quod
1467 2169 1571 2234 voluit
1595 2167 1696 2233 artifi-

423 2307 450 2348 rc
464 2282 582 2346 oiosius
602 2284 764 2346 assecutus
785 2284 843 2344 est.
875 2277 1024 2344 Ceterum
1038 2278 1200 2362 Ovidium,
1223 2279 1280 2362 qui
1303 2277 1377 2342 159
1404 2298 1494 2342 omen
1521 2277 1561 2341 ab
1587 2281 1696 2341 aaa

463 2407 527 2455 csse
549 2387 669 2469 docuit,
692 2407 731 2450 ex
754 2409 792 2450 ea
815 2386 966 2471 opinione
990 2386 1135 2450 videmus
1158 2408 1178 2448 a
1200 2384 1374 2450 Fabiorum
1397 2384 1487 2448 exitu
1516 2383 1578 2448 hoc
1605 2403 1696 2467 repe

463 2495 538 2560 tiise
566 2494 653 2578 quod
681 2497 776 2578 porta
805 2492 1016 2558 Carmentalis
1045 2494 1096 2556 vel
1124 2492 1236 2557 dexter
1262 2492 1355 2556 ianus
1382 2492 1451 2555 eius
1478 2495 1591 2576 portae
1617 2491 1695 2554 mali

464 2602 581 2666 ominis
605 2623 674 2666 esse
698 2600 879 2664 crederetur
901 2599 1075 2683 multisque
1103 2621 1140 2664 eo
1169 2599 1277 2686 egredi
1304 2598 1455 2684 religioni
1482 2602 1579 2681 esset3
1607 2596 1697 2681 qnod

466 2707 551 2772 idem
574 2707 630 2772 alii
654 2710 753 2770 testes
776 2705 990 2790 tradiderunt,
1016 2705 1131 2770 Festus
1156 2727 1250 2790 quem
1278 2727 1376 2789 supra
1397 2727 1428 2789 p.
1447 2703 1492 2768 90
1515 2703 1698 2787 citavimus,

465 2815 551 2879 idem
574 2837 605 2898 p.
625 2814 691 2878 334
710 2812 753 2876 M.
772 2812 838 2878 496
857 2812 916 2878 Th.
935 2813 1103 2897 Scele[rata
1124 2817 1220 2898 porta
1242 2811 1352 2877 eadem
1375 2811 1567 2896 app]ellotur
1584 2833 1606 2876 c
1628 2814 1697 2893 qui·

450 2922 607 3000 'baedam
627 2920 724 3005 [quae
742 2927 775 2984 et
795 2919 1022 3004 Carmentalis]
1042 2921 1165 2998 disca,
1183 2920 1267 3001 quod
1283 2922 1313 2984 ei
1324 2921 1508 3002 proximum
1529 2917 1698 3002 Cadmeu-

465 3032 518 3092 tae
552 3027 703 3092 sacellum
735 3027 806 3092 fuit.
852 3025 1023 3112 scele]raic
1054 3033 1157 3091 numm
1184 3027 1267 3108 quod
1285 3047 1347 3109 per
1372 3047 1442 3091 cam
1470 3025 1543 3110 [sex
1571 3028 1604 3089 et
1632 3033 1699 3089 tre-

467 3135 552 3199 centi
582 3133 675 3198 Fabii
706 3133 792 3218 c]cm
822 3134 979 3198 clientium
1017 3134 1156 3199 millibus
1193 3133 1352 3218 [quinque
1387 3133 1508 3218 egressi
1545 3132 1698 3196 adversus

468 3241 642 3325 Elimeam,
670 3241 715 3304 od
736 3261 861 3304 emerem
884 3237 1079 3325 [Cremeram
1103 3262 1212 3305 omnes
1236 3245 1311 3304 sunt
1338 3238 1517 3324 interb'mi.
1565 3259 1630 3322 quoa
1659 3261 1699 3304 ea

410 3371 459 3415 'ao
473 3348 584 3435 cou[sa
605 3348 727 3414 factum
751 3352 808 3431 est,
830 3351 868 3411 ut
891 3368 927 3411 aa
949 3351 1045 3432 porta
1067 3346 1204 3431 int}rcre
1225 3349 1364 3431 egrediue
1386 3344 1477 3435 [mali
1500 3347 1618 3412 ominis
1641 3347 1699 3411 ha-

469 3456 611 3541 beatur];
640 3452 695 3541 (ci.
723 3453 844 3519 Paulus
867 3452 956 3519 Diac.
981 3477 1011 3538 p.
1031 3453 1120 3541 335).
1170 3454 1221 3517 Ex
1248 3454 1424 3539 eodemque
1451 3455 1542 3519 fonte
1565 3451 1699 3519 Servius

468 3564 503 3629 in
524 3560 653 3628 Aeneid.
673 3561 817 3625 V111337
842 3563 933 3625 iusto
949 3567 1078 3643 portam
1099 3582 1179 3643 quoe
1194 3564 1302 3645 primo
1324 3584 1346 3625 a
1366 3560 1530 3627 Carmente
1549 3559 1701 3626 Carmen·

469 3670 544 3735 tulis
567 3671 652 3734 dicto
682 3674 737 3747 est,
759 3674 833 3751 pest
854 3668 1002 3733 soelerato
1024 3690 1045 3732 c
1068 3668 1182 3733 Fabiis
1203 3671 1343 3734 trecenis
1365 3689 1418 3734 sec
1440 3670 1495 3750 qui
1511 3689 1572 3751 per
1594 3670 1700 3749 ipram

469 3780 506 3841 in
530 3776 642 3841 bellum
659 3767 795 3857 profecti
816 3796 879 3839 nco
897 3782 970 3839 sunt
986 3778 1109 3840 reversi.
1150 3774 1214 3841 Dio
1233 3774 1362 3840 Cassius
1382 3793 1394 3839 1
1412 3798 1443 3860 p.
1462 3774 1516 3859 20,
1534 3777 1575 3840 21
1596 3774 1699 3841 Belvlr.

471 3886 527 3947 διὰ
554 3891 654 3947 τοῦτο
683 3932 689 3945 .
718 3932 725 3946 .
754 3882 812 3958 τὰς
844 3883 950 3959 πύλας
980 3880 1019 3947 δι’
1053 3877 1101 3947 ὧν
1132 3881 1388 3968 ἐξεστράτευσαν
1419 3881 1471 3968 (οἱ
1492 3880 1629 3967 Φάβιοι)
1662 3882 1702 3948 ἐν

470 3990 585 4077 ἀτιμίᾳ
608 3986 806 4072 ἐποιήσαντο
830 3990 913 4053 ὥστε
935 3988 1062 4073 μηδένα
1081 3987 1119 4054 δι’
1142 3990 1253 4054 αὐτῶν
1271 3990 1416 4072 ἄρχοντα
1434 3988 1565 4053 διιέναι.
1604 3988 1702 4055 Unus

471 4096 582 4161 Livius
602 4117 684 4180 quae
702 4094 801 4159 babet
819 4093 930 4182 (supra
948 4096 1110 4180 adscripta
1127 4119 1158 4180 p.
1173 4095 1231 4179 90)
1250 4096 1439 4183 ambiguum
1457 4098 1506 4160 est
1523 4095 1701 4161 eundemne

470 4205 503 4268 in
528 4206 650 4287 partem
674 4203 886 4287 interpretare
910 4224 950 4265 an
975 4202 1021 4266 ita
1047 4207 1084 4267 ut
1106 4201 1279 4267 Fabiorum
1307 4204 1473 4268 interitum
1500 4204 1575 4268 inde
1603 4202 1703 4269 ducat

472 4310 558 4395 quod
581 4314 709 4395 portam
734 4310 785 4373 vel
807 4308 893 4373 viam
918 4330 1001 4392 quae
1024 4309 1100 4374 mali
1123 4308 1241 4375 ominis
1268 4311 1366 4374 fuerit
1391 4332 1459 4376 non
1487 4309 1758 4375 cadaverinam

431 4441 458 4482 so
472 4416 527 4503 (cf.
550 4415 586 4482 Ο.
610 4415 797 4480 Richterum
821 4416 840 4479 l.
860 4438 884 4479 s.
904 4436 928 4479 c.
955 4438 985 4499 p.
1004 4414 1095 4503 428).
1144 4414 1258 4501 Neque
1288 4417 1459 4482 offensioni
1491 4438 1560 4481 esse
1591 4422 1704 4502 potest

471 4523 558 4607 apud
581 4520 732 4587 Ovidium
761 4522 846 4605 quod
875 4522 1060 4605 praemissis
1088 4522 1154 4586 illis
1181 4523 1221 4587 de
1248 4526 1322 4589 iano
1349 4524 1463 4588 dextro
1490 4530 1603 4607 portae
1626 4522 1703 4589 Car-

471 4628 621 4695 mentalis
651 4632 764 4713 postea
787 4634 883 4711 perta
913 4628 1038 4694 dicatur
1065 4629 1160 4715 culpa
1186 4652 1313 4712 vacare,
1336 4637 1432 4712 porto
1455 4654 1550 4696 omen
1572 4630 1703 4715 babere,

472 4758 546 4801 oum
568 4736 759 4821 praesertim
782 4734 879 4799 etiem
903 4734 958 4799 alii
981 4739 1089 4819 testes,
1112 4758 1193 4821 qnos
1216 4759 1315 4822 supra
1332 4739 1512 4821 citavimus,
1533 4738 1614 4803 haec
1630 4740 1704 4803 nni·

473 4864 563 4907 verse
587 4842 743 4927 deporta
767 4840 960 4906 Carmentali
984 4843 1103 4908 referre
1127 4844 1358 4909 consueverint.
1399 4842 1438 4909 ln
1456 4845 1508 4909 bis
1526 4866 1600 4911 cum
1618 4845 1703 4911 nibil

473 4951 518 5015 sit
546 4950 633 5034 quod
661 4950 876 5034 suspicionem
904 4972 1034 5015 movere
1062 4952 1100 5015 de
1127 4956 1257 5016 auctore
1289 4972 1440 5016 versuum
1472 4952 1589 5037 possit,
1620 4950 1705 5017 illud

474 5078 581 5121 veram
610 5054 716 5121 Ovidii
744 5078 874 5121 manum
904 5058 954 5121 vel
981 5060 1119 5123 maxime
1145 5080 1222 5143 prae
1250 5081 1283 5123 se
1310 5058 1394 5123 ferre
1421 5058 1583 5143 videatur,
1615 5060 1705 5144 quod

474 5164 649 5229 sententias
673 5164 802 5229 iteravit
825 5164 860 5228 in
878 5164 1052 5249 eademque
1070 5165 1169 5230 verba
1187 5166 1267 5230 duos
1286 5170 1502 5250 pentametros
1522 5166 1705 5233 desinentes

475 5270 559 5337 iecit.
611 5268 663 5336 Sic
696 5271 781 5335 enim
810 5271 894 5336 solet
920 5270 1073 5337 circuitus
1102 5272 1256 5337 orationis
1284 5272 1478 5357 describere,
1507 5294 1567 5339 nec
1596 5270 1705 5339 solum

474 5378 600 5443 easdem
625 5378 799 5443 sententias
823 5376 953 5462 paulum
977 5378 1073 5443 modo
1096 5379 1236 5443 variatas
1263 5378 1381 5445 referre
1409 5380 1499 5445 velut
1521 5396 1558 5443 vl
1577 5379 1643 5445 295
1662 5402 1707 5445 ss.
