3925 6675
423 2090 481 2163 LI.
509 2089 680 2163 INDEX
706 2089 1024 2163 LEGTIONUM
1051 2091 1406 2165 AESTIVARUM
1435 2095 1530 2167 1900.

321 2273 342 2327 ⁸
450 2265 641 2332 Lectionum
667 2265 918 2331 academicamm
946 2287 1041 2350 quem
1069 2267 1278 2350 proponimus
1306 2267 1442 2336 iudicem
1469 2289 1509 2334 ne
1533 2291 1592 2334 sua

358 2373 546 2458 prolusione
559 2373 717 2438 litteraria
731 2377 862 2456 careret,
880 2372 1122 2438 observationes
1137 2373 1291 2457 quasdam
1306 2375 1462 2440 sermonis
1477 2372 1591 2440 Graeci

359 2479 548 2566 collegimus
571 2480 609 2544 ad
629 2478 797 2544 Platonem
820 2480 992 2546 maximam
1010 2484 1134 2564 partem
1153 2481 1362 2564 pertinentes:
1386 2483 1478 2547 cuius
1497 2483 1591 2548 stilus

359 2591 392 2652 et
415 2588 534 2666 oratio,
561 2609 625 2670 qua
646 2586 730 2652 nihil
751 2591 861 2671 potest
883 2608 952 2652 esse
970 2587 1141 2670 urbanius,
1164 2590 1215 2652 tot
1235 2586 1342 2671 libris,
1365 2589 1421 2672 qui
1444 2611 1511 2654 non
1533 2589 1592 2652 ini·

359 2715 424 2778 qua
452 2699 538 2759 sorte
564 2694 676 2760 traditi
703 2716 740 2760 ac
766 2693 937 2781 propagati
961 2699 1052 2778 sunt,
1079 2695 1226 2777 exposita
1249 2695 1396 2778 quamvis
1419 2699 1507 2760 certa
1529 2695 1592 2760 fide

359 2801 496 2868 iudicari
513 2823 609 2885 pesse
627 2801 783 2884 videatur,
801 2805 909 2866 tamen
927 2801 991 2866 dici
1009 2801 1064 2864 vix
1083 2804 1200 2885 potest,
1218 2823 1314 2885 quam
1330 2801 1470 2886 amplam
1484 2825 1593 2886 quam-

360 2929 423 2991 que
450 2909 573 2973 aarum
596 2908 798 2992 vituperandi
822 2907 1003 2992 corrigendi
1026 2907 1189 2972 reiiciendi
1213 2908 1379 2975 materiam
1402 2912 1515 2974 nostra
1536 2932 1593 2994 po·

360 3015 523 3080 tissimum
546 3018 650 3080 aetate
673 3013 777 3079 doctis
800 3014 986 3079 hominibus
1011 3014 1164 3080 attiderit
1196 3011 1235 3078 In
1257 3013 1318 3078 hac
1336 3014 1482 3080 ubertate
1501 3037 1592 3100 repu-

359 3121 529 3206 gnantium
544 3123 733 3206 opinionum
747 3143 808 3186 nos
821 3120 905 3186 idem
920 3120 1008 3204 quod
1022 3141 1117 3204 saepe
1128 3120 1233 3186 facere
1245 3123 1386 3186 animum
1399 3121 1593 3206 induximus,
1608 3148 1634 3187 ie

359 3231 398 3292 ut
419 3231 650 3313 temptaremus
673 3229 863 3311 ecquidnam
886 3248 997 3294 corum
1022 3247 1103 3310 quae
1126 3227 1225 3313 vulgo
1244 3251 1263 3292 a
1280 3229 1393 3313 peritia
1411 3228 1593 3294 addubitari

360 3341 393 3401 et
420 3337 455 3403 in
482 3338 698 3421 suspicionem
723 3336 795 3401 vitii
819 3336 934 3401 adduci
957 3338 1063 3401 solent
1086 3334 1365 3401 observationibus
1387 3337 1507 3401 nostris
1531 3340 1594 3401 sta·

360 3443 455 3509 bilire
477 3447 510 3509 et
533 3466 552 3507 a
574 3443 780 3509 damnatione
803 3466 868 3527 qua
889 3447 1082 3529 premuntur
1104 3442 1241 3509 liberare
1261 3464 1436 3527 possemus.
1472 3441 1511 3507 In
1531 3466 1596 3527 qua

360 3572 396 3615 re
424 3550 513 3615 subit
539 3550 663 3636 mirari,
690 3550 911 3635 quantoplus
933 3550 1105 3615 atramenti
1127 3550 1394 3635 insumpserimus
1417 3551 1452 3615 in
1475 3572 1596 3635 paucos

361 3656 578 3722 defendendos
608 3656 698 3723 locos
730 3679 829 3741 quam
859 3657 1015 3741 praeclari
1048 3656 1151 3723 critici
1183 3656 1218 3719 in
1245 3657 1348 3723 multo
1376 3656 1484 3742 plures
1512 3679 1595 3741 quos

361 3764 482 3849 ineptis
504 3763 730 3831 additamentis
752 3767 864 3831 auctos
888 3786 957 3829 esse
979 3764 1154 3847 affirmaut3
1179 3764 1234 3848 qui
1254 3784 1347 3849 saepe
1366 3765 1458 3831 uncis
1477 3764 1594 3829 additis

360 3870 424 3937 sibi
441 3870 636 3937 satisfecisse
655 3875 768 3956 utpote
786 3872 821 3935 in
839 3893 874 3935 re
892 3875 979 3937 certa
997 3870 1148 3937 videntur
1166 3874 1221 3935 aut
1240 3872 1267 3935 si
1285 3875 1393 3937 tamen
1411 3892 1475 3935 uuo
1495 3870 1594 3937 verbo

361 3960 567 4044 subindicant
594 3979 621 4042 si
649 3977 728 4063 quid
755 3979 790 4044 in
817 3978 963 4043 emtione
991 3998 1262 4062 supervacaneum
1286 3998 1355 4041 esse
1379 3982 1436 4043 aut
1459 4000 1592 4061 pravum

360 4086 555 4153 censuerint:
578 4108 638 4151 uos
657 4089 778 4169 quanto
798 4106 894 4169 opere
911 4084 1094 4151 laboramus
1113 4106 1151 4150 ac
1169 4084 1321 4149 sudamus
1340 4084 1428 4149 utin
1447 4106 1506 4148 sua
1523 4084 1594 4149 luce

360 4214 520 4279 ponamus
542 4193 572 4257 si
594 4192 672 4276 quid
695 4190 832 4257 forsitan
855 4195 943 4257 totos
965 4191 1068 4255 libros
1091 4194 1298 4277 peragrantes
1318 4189 1534 4273 comparabile
1553 4190 1636 4254 iisse

361 4322 444 4384 quae
466 4298 677 4384 repudiantur
698 4299 856 4383 expiscati
879 4300 993 4382 simus,
1017 4302 1075 4363 aut
1097 4302 1134 4362 ut
1156 4296 1298 4381 operosis
1323 4294 1495 4381 colligendi
1520 4318 1593 4361 con-

361 4406 511 4471 cludendi
538 4406 736 4471 miractibus
763 4406 934 4471 fulciamus
962 4409 995 4470 et
1021 4405 1275 4471 communiamus
1299 4424 1380 4487 quae
1403 4402 1595 4489 persuadere

363 4513 435 4579 aliis
458 4513 615 4599 cupimus,
639 4534 712 4577 cum
734 4513 923 4597 praesertim
945 4513 1012 4579 sint
1036 4510 1153 4596 quibus
1176 4514 1214 4575 ut
1232 4510 1391 4595 aitpoeta
1409 4510 1451 4574 od
1469 4511 1594 4586 πείσεις

361 4620 432 4689 odd'
457 4622 500 4707 ἣν
517 4623 642 4706 πείθῃς.
675 4618 739 4684 Sed
757 4622 873 4684 natura
890 4618 954 4684 boc
971 4619 1017 4685 ita
1036 4622 1163 4703 partum
1182 4622 1231 4683 cst
1250 4620 1286 4681 ut
1303 4618 1358 4701 qui
1373 4621 1468 4703 neget
1482 4639 1593 4681 verum

362 4749 431 4795 esse
463 4727 550 4812 quod
581 4727 680 4813 vulgo
710 4725 852 4793 creditur
878 4725 1020 4791 breviter
1047 4747 1085 4791 ac
1112 4747 1214 4810 paene
1240 4725 1414 4809 imperiose
1440 4723 1595 4790 iudicium

362 4834 547 4919 interponat
570 4831 827 4918 intelligentibus
850 4832 982 4917 probari
1001 4832 1156 4911 confisum
1180 4830 1235 4917 qui
1254 4836 1367 4897 contra
1384 4830 1508 4913 nititur,
1531 4831 1594 4895 nisi

362 4940 490 5007 libidini
513 4940 682 5007 libidinem
706 4961 869 5025 opponere
892 4938 1066 5019 anthabet,
1088 4960 1217 5005 necesse
1237 4939 1280 5003 sit
1297 4936 1410 5001 multis
1428 4959 1595 5023 argumen-

361 5049 406 5115 tis
438 5052 471 5117 et
502 5048 657 5132 exemplis
689 5047 832 5113 collectis
863 5046 987 5113 iactum
1014 5068 1083 5111 esse
1110 5046 1308 5111 demonstret
1335 5044 1421 5127 quod
1449 5042 1497 5109 illi
1525 5043 1593 5107 fieri

362 5179 458 5243 posse
479 5154 639 5242 negitent3
662 5159 696 5219 et
718 5154 774 5237 qui
793 5175 853 5220 nos
872 5153 950 5219 olim
970 5158 1157 5237 contemptu
1175 5155 1369 5235 exceperunt
1387 5153 1519 5234 propter
1538 5150 1594 5215 illa

363 5265 468 5332 mults
488 5266 602 5329 nostra
623 5261 770 5345 exempla
787 5260 873 5325 unde
890 5259 976 5327 unde
994 5280 1131 5341 corrasa,
1154 5258 1272 5343 quibus
1289 5256 1373 5323 nihil
1390 5255 1478 5321 aliud
1497 5277 1594 5339 quam
1609 5282 1635 5320 aa

363 5370 493 5439 firmare
515 5373 627 5435 nostra
649 5367 809 5433 declarato
834 5367 1027 5452 scriptorum
1052 5388 1112 5431 usu
1136 5367 1219 5431 sicut
1241 5364 1358 5431 licebat
1376 5362 1594 5445 tendebamus,
