3925 6675
324 2031 486 2104 XXXIV.
513 2029 666 2103 INDEX
693 2029 973 2102 LECTIONUM
1001 2029 1329 2103 HIBERNARUM
1357 2027 1517 2124 1891s92.

268 2229 289 2284 ς
398 2206 480 2270 Rem
508 2206 640 2272 arduam
664 2227 732 2270 esse
755 2205 946 2270 emendandi
969 2227 1100 2291 operam
1123 2206 1157 2270 in
1179 2209 1324 2270 veterum
1348 2206 1541 2291 scriptorum

306 2313 399 2378 libris
427 2313 647 2379 collocandam
676 2312 728 2377 vel
750 2334 788 2376 eo
812 2313 1031 2398 cognoscitur,
1059 2313 1146 2396 quod
1169 2334 1208 2376 ex
1231 2313 1343 2377 multis
1367 2313 1541 2378 conemini-

306 2421 378 2501 bus,
402 2421 521 2505 quibus
544 2441 625 2504 quae
649 2441 763 2484 manca
785 2423 861 2483 sunt
883 2423 940 2483 ent
960 2419 1134 2503 depravata
1151 2423 1360 2504 temptantur,
1382 2442 1542 2505 perpauco

306 2528 471 2593 communi
500 2527 642 2591 omnium
671 2547 828 2590 consensu
857 2531 991 2611 excepta
1012 2530 1143 2591 manent
1166 2549 1204 2591 ac
1227 2527 1351 2612 vigent,
1378 2549 1482 2612 neque
1504 2549 1542 2592 ea

305 2656 341 2698 re
364 2634 434 2698 sola
458 2634 632 2699 difficultas
655 2634 847 2714 continetur,
870 2632 956 2716 quod
979 2633 1020 2698 οὐ
1043 2641 1104 2699 τοῦ
1127 2636 1286 2718 τυχόντος
1308 2638 1357 2698 est
1379 2635 1542 2700 exlatere

304 2742 358 2805 vel
378 2742 550 2805 obscurata
568 2762 770 2824 quocumque
789 2740 885 2804 modo
905 2741 1051 2804 oratione
1070 2739 1242 2805 divinando
1257 2742 1360 2825 ipsam
1374 2741 1541 2828 scriptoris

305 2870 437 2912 manum
464 2849 634 2931 suscitare,
661 2846 718 2911 sed
739 2868 806 2910 non
828 2848 935 2910 minus
958 2868 996 2912 eo
1021 2847 1107 2930 quod
1131 2849 1165 2911 in
1188 2849 1228 2912 iis
1253 2869 1334 2932 quae
1356 2846 1421 2934 legi
1445 2853 1541 2931 atque

304 2955 448 3041 intelligi
470 2959 609 3040 possunt
631 2975 726 3038 saepe
749 2953 938 3040 ambiguum
962 2958 1011 3018 est
1034 2975 1093 3018 nec
1115 2958 1204 3019 certo
1228 2953 1436 3040 dignoscitur,
1460 2977 1542 3040 quee

305 3085 386 3125 vera
408 3062 487 3144 sint,
510 3083 591 3146 quae
614 3063 683 3125 veri
705 3061 810 3145 specie
833 3060 993 3146 legentem
1016 3060 1178 3126 inducant.
1218 3059 1319 3126 Velut
1341 3050 1542 3147 Theocritus,
1556 3089 1583 3129 ιο

305 3175 345 3232 ut
366 3170 428 3232 hoc
446 3169 593 3253 exemplo
606 3173 746 3246 utamur,
766 3167 883 3252 quibus
898 3167 1043 3232 versibus
1058 3168 1092 3232 in
1107 3169 1254 3250 carmine,
1275 3168 1326 3232 cui
1342 3166 1445 3252 Ἄλτης
1460 3166 1541 3255 (nn)

303 3274 504 3359 inscribitur,
523 3276 723 3360 φιλόπαιδος
737 3274 921 3353 Διοκλέους
939 3275 974 3339 in
991 3274 1147 3342 honorem
1162 3299 1182 3341 a
1195 3274 1438 3363 Megarensibus
1452 3276 1540 3340 insti·

303 3389 379 3448 tuta
398 3384 572 3467 quotannis
590 3405 763 3467 puerorum
783 3383 900 3448 osculis
920 3383 1180 3448 contendentium
1195 3383 1369 3448 certamina
1383 3383 1542 3467 expressit

441 3493 580 3555 Νισαῖοι
603 3494 780 3573 Μεγαρῆες
802 3489 1033 3575 ἀριστεύοντες
1056 3488 1217 3573 ἐρετμοῖς,

441 3599 550 3680 ὄλβιοι
574 3600 736 3677 οἰνιελοιτε,
759 3600 819 3663 τὸν
835 3595 980 3663 Ἀττικὸν
1003 3598 1048 3675 ὡς
1069 3602 1230 3680 περίαλλα

441 3704 553 3780 ξεῖνον
575 3702 775 3788 ἐτιμήσασθε
799 3703 945 3769 Διοκλέα
968 3706 1028 3769 τὸν
1050 3706 1242 3789 φιλόπαιδα.

348 3811 395 3875 30
442 3812 509 3876 αἰεί
530 3809 661 3892 οἱπερὶ
684 3811 814 3895 τύμβον
836 3810 970 3889 ἀολλέες
993 3817 1079 3896 ελαρι
1103 3812 1222 3899 πρώτφ

440 3926 557 4002 κοῦροι
581 3918 807 4001 ε’ριδμαίνοντι
830 3922 1015 4002 φιλήματος
1038 3920 1122 4001 ἄκρα
1145 3917 1318 4002 φέρεσθαι.

443 4023 479 4100 ὃς
501 4024 542 4088 δέ
561 4048 597 4089 κε
620 4024 792 4110 προσμάξή
815 4026 1044 4110 γλυκερώτερα
1067 4027 1188 4109 χείλεσι
1212 4030 1318 4109 χείλη,

441 4134 643 4215 βριθόμενος
666 4132 883 4215 στεφάνοισιν
905 4129 964 4196 ἑὰν
987 4130 1021 4209 ἐς
1043 4130 1154 4215 μητέρ’
1182 4131 1343 4215 ἀπῆνθεν.
1555 4160 1582 4199 so

442 4240 570 4320 ὄλβιος,
594 4238 685 4314 ὅστις
707 4236 803 4303 παισὶ
826 4240 994 4323 φιλήματα
1016 4250 1110 4303 κεῖνα
1134 4240 1252 4324 διαιτᾷ.

348 4346 394 4409 35
441 4339 549 4426 ἦπου
573 4346 633 4410 τὸν
656 4346 806 4429 χαροπὸν
829 4347 1027 4429 Γανυμήδεα
1049 4343 1144 4412 πόλλ’
1173 4344 1330 4429 ἐπιβῶται

441 4452 568 4537 Λυδίῃ
591 4445 681 4516 ἴσον
703 4448 809 4536 ἔχειν
831 4451 953 4538 πέτρῃ
977 4456 1114 4536 στόμα,
1137 4453 1287 4537 χρυσὸν
1309 4451 1423 4538 ὁποίή
1513 4446 1516 4452 ’

441 4560 661 4623 πεύθονται
684 4560 732 4642 μή
758 4565 909 4642 φαῦλος
932 4557 1127 4643 ἐτήτυμον
1150 4560 1444 4643 ἀρμυραμοιβοί

268 4677 286 4733 4
305 4689 418 4731 eorum
443 4667 498 4748 qui
523 4669 598 4729 sunt
616 4667 751 4729 extremi
770 4666 833 4729 duo
852 4666 946 4730 nobis
966 4666 1095 4749 quidem
1114 4667 1184 4730 vitii
1203 4671 1349 4750 expertes
1369 4689 1437 4731 esse
1456 4667 1539 4732 vide-

303 4774 437 4853 bantur,
466 4776 594 4856 recepta
615 4774 767 4837 nimirum
792 4773 908 4857 optimi
932 4772 1051 4838 codicis
1075 4772 1282 4838 Ambrosiani
1305 4770 1356 4861 (k)
1381 4774 1540 4858 scriptura

305 4883 436 4963 φαῦλος
458 4902 487 4941 v.
506 4878 563 4960 37,
586 4880 677 4943 cuius
700 4879 806 4944 locum
830 4880 864 4944 in
888 4881 1003 4944 ceteris
1026 4880 1117 4943 libris
1141 4880 1228 4964 quod
1250 4881 1327 4945 olim
1346 4879 1540 4964 vulgabatur

305 4991 440 5069 φαῦλον
472 4990 651 5069 occuparat.
697 4983 762 5050 Sed
792 4985 938 5070 plerique
970 5009 1081 5052 omnes
1109 4988 1300 5071 interpretes
1327 4986 1413 5050 haud
1430 4988 1538 5070 ⁴paulo

305 5114 398 5157 secus
421 5091 598 5157 iudicantes
616 5091 695 5157 baec
713 5092 788 5157 ferri
808 5115 902 5177 posse
920 5099 1041 5179 negant
1060 5094 1220 5178 variisque
1238 5093 1343 5157 modis
1361 5092 1539 5158 deformata

305 5199 496 5287 eonigendo
525 5221 712 5284 recuperare
739 5221 851 5265 verum
879 5205 1045 5265 conantur.
1087 5200 1150 5277 Qui
1173 5201 1251 5265 talia
1273 5204 1473 5285 proponunt,
1500 5203 1537 5263 ut

305 5306 404 5372 semel
428 5310 518 5371 mota
539 5308 723 5390 suspicione
745 5306 820 5372 falsi
842 5306 1001 5391 pullulare
1025 5309 1130 5373 solent
1154 5308 1364 5373 coniecturae.

357 5420 482 5461 Vahleni
496 5420 606 5470 opuscula
620 5422 651 5461 IL
1306 5418 1319 5462 1
