3925 6675
382 2259 410 2304 10

383 3327 409 3370 20

422 1107 488 1173 266
597 1109 693 1159 XLVI.
713 1108 828 1158 INDEX
846 1105 1061 1157 LECTIONUM
1080 1102 1321 1154 HIBERNARUM
1341 1098 1472 1169 trallae.

425 1295 514 1336 verere
532 1270 578 1335 ita
597 1269 745 1335 connecti
757 1272 794 1332 ut
808 1268 1004 1333 affirmantia
1018 1270 1051 1331 et
1064 1264 1216 1352 negantia
1230 1260 1409 1347 comparari
1424 1260 1539 1343 solent,
1556 1259 1653 1343 velut,

421 1382 459 1443 ut
486 1379 548 1443 hoc
575 1381 718 1459 utamur,
746 1377 780 1439 in
808 1375 975 1460 Euripidis
1004 1372 1146 1458 Supplie.
1171 1372 1233 1435 211
1265 1368 1285 1433 ἃ
1309 1367 1338 1434 δ’
1367 1366 1431 1434 ἔστ’
1459 1369 1569 1452 ἄσημα
1591 1366 1653 1431 κού

421 1494 528 1569 σαφῆ,
555 1485 784 1568 γιγνώσκομεν
812 1484 859 1559 εἰς
886 1492 954 1565 πῦρ
977 1480 1164 1564 βλέποντες.
1200 1474 1653 1560 111111111ρῶσαεύφραί-

420 1615 514 1657 νεται
536 1584 689 1656 interiore
713 1591 850 1675 quadam
869 1589 954 1654 inter
972 1610 1006 1653 se
1024 1588 1173 1652 iunctura
1191 1585 1404 1667 eontinentur,
1427 1586 1464 1647 ut
1481 1578 1653 1667 participio

420 1698 582 1785 gaudendi
605 1720 701 1763 eausa
724 1697 888 1780 afferatur,
911 1695 951 1759 ad
973 1716 1044 1759 eam
1067 1694 1223 1759 rationem
1248 1712 1345 1775 quam
1368 1690 1446 1755 olim
1470 1692 1557 1755 eerto
1580 1706 1654 1753 aon-

421 1806 496 1870 silio
524 1804 690 1891 tetigimus
719 1826 792 1868 oum
816 1804 854 1869 de
877 1801 987 1894 libello
1010 1800 1086 1885 περὶ
1109 1800 1218 1877 ὕψους
1240 1819 1420 1885 ageremus3
1448 1794 1557 1880 qualia
1578 1798 1654 1860 sunt

422 1913 457 1977 in
474 1911 603 1977 Hercul.
623 1911 688 1975 848
712 1909 783 1977 οὐδ’
813 1911 935 1993 ἥδομαι
954 1905 1091 1993 φοιτῶσ
1115 1905 1164 1973 ἐπ’
1187 1906 1378 1989 ἀνθρώπων
1396 1906 1527 1988 φίλους,
1550 1904 1602 1967 vel
1619 1903 1654 1967 in

422 2018 592 2104 Hippolyt.
613 2019 698 2084 1068
727 2020 817 2096 ὅστις
844 2028 1014 2101 γυναικῶν
1038 2022 1205 2100 λυμεῶνας
1227 2015 1341 2098 ἥδεται
1365 2012 1480 2093 ξένους
1503 2014 1655 2097 κομιξων,

422 2131 455 2191 11
478 2126 512 2191 in
534 2127 679 2211 reliquiis
703 2126 814 2210 Eurip.
835 2123 924 2212 (812,
944 2124 963 2187 ‘l
980 2121 1158 2211 1111111111)

584 2234 674 2311 ὅστις
697 2231 727 2298 δ’
755 2232 879 2317 ὁμιλῶν
901 2232 1017 2314 ἥδεται
1039 2241 1154 2307 κακοῖς
1177 2229 1275 2314 ἀνήρ,

583 2341 623 2405 ού
648 2338 772 2406 πώποτ’
799 2340 969 2423 ἠρώτησα,
993 2340 1188 2421 γιγνώσκων
1211 2338 1261 2402 ὅτι

583 2450 735 2523 τοιοῦτός
758 2446 848 2512 ἐστιν
871 2436 987 2528 οἷσπερ
1010 2446 1124 2529 ἥδεται
1148 2444 1265 2523 ξυνών.

422 2552 493 2630 Quo
516 2554 623 2617 minus
647 2552 758 2638 ὁρῶσα
780 2554 877 2618 etiam
901 2552 941 2616 ad
965 2564 1080 2636 στυγεῖ
1102 2552 1221 2617 1111111
1242 2551 1347 2616 liceat.

511 2660 541 2725 3.
573 2660 718 2727 Tertium
750 2661 837 2745 quod
869 2661 1056 2725 volebamus
1086 2658 1176 2725 brevi
1205 2656 1436 2745 disceptatione
1463 2674 1654 2741 percurrere,

422 2766 560 2852 petimus
583 2789 624 2832 ex
645 2767 698 2832 his
723 2768 866 2832 versibus
889 2764 985 2853 (101)
1117 2816 1119 2824 ,

436 2877 537 2939 ΛΤΚ.
583 2876 630 2951 εἰς
652 2876 769 2957 καιρὸν
792 2881 894 2940 οἴκων
912 2872 1121 2957 Ἀμφιτρύων
1143 2870 1205 2951 ἔξω
1229 2879 1321 2959 περᾷ.

583 2984 703 3066 χρόνος
725 2983 788 3067 γὰρ
811 2982 875 3065 ἤδη
900 2982 1000 3064 δαρὸς
1023 2979 1056 3059 ἐξ
1081 2980 1161 3047 ὅτου
1184 2979 1322 3056 πέπλοις

582 3096 763 3173 κοσμεῖσθε
787 3101 879 3171 σῶμα
902 3090 957 3153 καὶ
980 3098 1108 3172 νεκρῶν
1131 3086 1326 3171 ἀγάλμασιν.

583 3193 655 3260 ἀλλ’
683 3188 748 3277 εἷα,
771 3197 892 3271 παῖδας
914 3196 967 3260 καὶ
993 3192 1136 3281 δάμαρθ’
1161 3192 1363 3279 Ἡρακλέους

583 3298 644 3381 ἔξω
667 3301 780 3369 κε’λευε
803 3303 909 3368 τῶνδε
932 3305 1115 3386 φαίνεσθαι
1140 3302 1262 3386 δόμων.

423 3409 567 3487 Quorum
591 3411 647 3494 qui
670 3411 795 3494 primus
818 3414 868 3475 est
886 3411 932 3474 itu
951 3410 1091 3494 scriptus
1108 3409 1256 3493 traditur,
1278 3409 1391 3474 sodex
1412 3431 1475 3494 quo
1495 3407 1654 3474 Heathius

423 3539 457 3581 se
483 3518 579 3582 melle
607 3518 738 3602 scripsit
759 3525 876 3604 περᾷς,
903 3517 1012 3582 nullus
1035 3538 1101 3581 non
1125 3515 1229 3582 editor
1252 3537 1321 3582 eam
1345 3517 1503 3580 rationem
1526 3519 1654 3582 secutus

423 3627 480 3688 est.
513 3621 584 3700 Quo
603 3625 690 3689 facto
710 3624 797 3708 quod
807 3622 1019 3708 Ἀμφιτρύων
1033 3627 1082 3688 111
1096 3645 1135 3688 ex
1148 3623 1348 3688 nominativo
1364 3622 1538 3706 vocativus,
1557 3645 1654 3708 quam

422 3753 489 3794 rem
513 3729 671 3795 Heathius
695 3732 806 3796 Attico
830 3753 890 3796 usu
914 3735 946 3795 et
964 3729 1126 3796 Troadum
1145 3730 1301 3815 exemplis
1320 3730 1544 3796 vindicandam
1563 3733 1654 3815 puta

422 3839 483 3921 vit,
510 3835 594 3902 nihil
621 3837 770 3922 impeditz
797 3837 876 3904 haee
903 3839 973 3922 ipsa
1000 3837 1111 3902 fabula
1133 3837 1231 3902 habet
1253 3839 1323 3901 eius
1346 3837 1485 3902 vocativi
1509 3837 1655 3921 exempla

422 3942 513 4030 (218,
532 3941 622 4030 315).
659 3943 722 4008 Sed
744 3943 824 4012 haee
847 3945 1014 4028 sententia,
1035 3967 1055 4008 a
1079 3966 1142 4029 qua
1165 3943 1270 4028 Lycus
1294 3944 1426 4026 orditur,
1449 3947 1577 4030 poterat
1598 3945 1655 4010 illa

423 4050 551 4136 quidem
578 4073 644 4116 non
671 4052 779 4136 inepte
806 4073 865 4137 per
891 4051 1042 4118 narrandi
1069 4051 1207 4116 formam
1235 4051 1354 4134 efferri,
1386 4055 1423 4116 ut
1450 4073 1558 4118 seeum
1585 4053 1655 4138 ipse

422 4157 558 4244 loquens
585 4159 631 4224 ita
659 4158 779 4224 dioeret
807 4160 857 4224 ‘in
884 4163 1029 4242 tempore
1056 4157 1252 4243 Amphitryo
1280 4157 1319 4222 de
1348 4158 1443 4224 domo
1472 4159 1564 4242 exit’,
1590 4180 1654 4244 quo

423 4265 519 4331 modo
541 4267 631 4330 velut
653 4265 770 4330 ohorus
793 4267 829 4330 iu
847 4265 1028 4350 Hippolyto
1049 4263 1143 4352 (899)
1167 4265 1221 4330 καὶ
1239 4265 1306 4350 μὴν
1324 4265 1370 4329 ait
1389 4264 1436 4330 ὅδ’
1461 4266 1560 4344 αὐτὸς
1578 4277 1655 4344 παῖς

425 4373 482 4448 σὸς
505 4374 553 4448 εἰς
574 4375 693 4456 καιρὸν
715 4372 814 4458 πάρα,
834 4371 1036 4448 Ἱππόλυτος.
1073 4369 1193 4438 Verum
1218 4373 1294 4456 quie
1316 4373 1423 4460 pergit
1446 4374 1590 4438 oratione
1613 4373 1654 4438 ad

423 4477 696 4564 Amphitryonem
720 4481 826 4565 ipsum
849 4501 1003 4545 conversa
1026 4479 1072 4544 ita
1090 4479 1180 4562 loqui
1200 4481 1318 4565 χρόνος
1337 4482 1400 4565 γὰρ
1418 4482 1481 4565 ἤδη
1501 4481 1603 4564 δαρὸς
1620 4478 1654 4559 ἐξ

424 4584 504 4650 ότου
526 4585 664 4664 πέπλοις
687 4592 938 4670 κοσμεῖσθε
965 4598 1074 4670 σῶμα,
1102 4607 1175 4652 eum
1198 4588 1386 4672 praesertim
1410 4588 1489 4654 haee
1515 4587 1580 4652 illis
1603 4587 1654 4652 de·

423 4693 565 4758 clarundi
585 4715 681 4760 eausa
699 4693 823 4758 adiecta
840 4694 998 4778 particula
1018 4692 1137 4759 causali
1155 4693 1373 4778 adnectantur,
1392 4694 1462 4758 fieri
1480 4715 1546 4759 non
1559 4715 1655 4780 posse

422 4803 626 4885 putaverunt,
641 4802 718 4885 quin
733 4800 772 4865 ab
782 4799 1032 4886 Amphitryonis
1046 4799 1261 4886 appellatione
1276 4822 1408 4866 exorsus
1423 4801 1531 4867 omnia
1543 4799 1653 4866 eodem

423 4907 579 4972 emtionis
602 4907 658 4972 filo
682 4909 887 4993 expresserit:

585 5016 773 5099 signatorio
796 5021 908 5098 οἴκων,
925 5012 1147 5100 Ἀμφιτρύων,
1170 5011 1231 5094 ἔξω
1254 5023 1364 5101 περᾷς.

582 5124 702 5206 χρόνος
725 5124 788 5206 γὰρ
811 5123 876 5207 ἤδη
900 5123 1002 5207 δαρὸς
1025 5120 1058 5200 ἐξ
1082 5122 1162 5188 δτου
1185 5119 1322 5198 πέπλοις

423 5297 428 5303 ,
582 5236 762 5313 κοσμεῖσθε
785 5242 887 5315 σῶμα,

422 5333 537 5420 Neque
566 5338 739 5421 quiequam
771 5341 821 5403 est
852 5337 887 5401 in
918 5337 969 5402 bis
998 5337 1166 5402 sententiis
1194 5335 1280 5420 quod
1309 5335 1520 5422 improbetur:
1554 5336 1652 5403 inimo

1669 2873 1708 2929 12
