3925 6675
755 1137 806 1187 DE
824 1136 1001 1188 VERSIBUS
1018 1136 1200 1188 ENNIANIS.
1552 1130 1595 1195 37

579 1297 649 1363 Hos
664 1299 763 1378 pestis
785 1300 899 1376 neuin,
916 1317 999 1378 pars
1021 1297 1132 1361 cuidit
1153 1297 1212 1362 illa
1234 1297 1353 1362 duellia.

358 1402 425 1468 Uni
454 1403 620 1469 Prisciano
652 1425 764 1468 versus
792 1403 892 1468 Ennii
922 1424 1018 1488 quem
1046 1403 1125 1468 dicit
1152 1408 1301 1487 acceptus
1327 1403 1443 1467 fertur:
1476 1423 1540 1486 quo
1569 1401 1598 1465 is

358 1533 436 1575 usus
460 1516 512 1574 est
535 1515 572 1574 ut
595 1511 754 1575 ‘necatum
777 1509 877 1594 ferro,
901 1515 1031 1575 nectum
1054 1514 1130 1574 vero
1154 1511 1218 1575 alia
1239 1511 1272 1575 vi
1295 1509 1508 1594 peremptum'
1533 1507 1596 1572 dici

361 1618 576 1681 confirmaret.
621 1615 792 1681 Praeterea
823 1617 907 1682 nihil
938 1617 1109 1682 edocemur
1135 1639 1155 1681 a
1182 1618 1406 1704 grammatico:
1439 1619 1472 1679 et
1497 1613 1598 1680 Ennii

360 1725 510 1808 editores,
531 1722 689 1789 Columna
708 1725 810 1808 etqui
826 1723 1001 1789 Columnae
1016 1745 1097 1809 opus
1111 1725 1328 1790 renovandum
1343 1721 1467 1788 curavit
1481 1719 1597 1785 Haase·

360 1831 430 1914 lius,
454 1833 534 1896 item
553 1831 777 1915 Baehrensius,
800 1830 883 1894 nihil
907 1831 945 1894 de
968 1831 1041 1896 loco
1066 1829 1216 1896 versiculi
1235 1830 1463 1912 coniectantes,
1486 1827 1527 1892 ad
1549 1827 1597 1892 ln·

361 1943 446 2003 certa
476 1939 641 2002 annalium
669 1940 872 2002 rettulerunt.
919 1936 1104 2002 Novissime
1132 1959 1207 2002 vero
1236 1939 1293 2021 qui
1319 1941 1426 2002 totum
1453 1934 1596 2000 Ennium

361 2044 520 2109 edendum
549 2044 611 2108 sibi
638 2046 789 2129 sumpsit,
818 2046 852 2108 in
880 2049 996 2127 quarto
1025 2043 1132 2109 annuli
1161 2065 1288 2109 versum
1317 2043 1426 2129 posuit
1454 2042 1598 2122 fidenter,

362 2172 455 2234 quem
484 2154 520 2216 in
548 2150 680 2216 adiectis
708 2151 947 2215 commentariis
974 2151 1142 2215 adnotavit
1164 2151 1308 2236 potuisse
1333 2150 1409 2215 ‘dici
1432 2150 1471 2214 de
1495 2148 1597 2214 Gallis

363 2256 558 2342 Capitolium
587 2257 827 2323 obsidentibus’
855 2258 926 2323 coll.
950 2257 1019 2322 Liv.
1039 2275 1062 2320 v
1080 2258 1137 2323 48:
1166 2279 1359 2342 quamquam
1389 2256 1508 2321 ibidem
1537 2254 1597 2319 ‘eis
1611 2278 1639 2318 io

364 2365 457 2429 etiam
481 2364 561 2429 alibi
583 2364 690 2429 locum
716 2386 785 2428 esse
808 2363 970 2450 potuisse'
988 2365 1175 2429 conceditur
1195 2363 1307 2429 ‘veluti
1326 2364 1361 2428 in
1378 2363 1524 2428 Marcelli
1543 2364 1598 2428 ob·

367 2471 485 2536 sidione
509 2469 750 2555 Syracusarum,
774 2471 903 2555 quando
927 2471 1025 2536 simili
1049 2470 1234 2555 pestilentia
1257 2469 1358 2536 Poeni
1381 2472 1447 2535 sint
1470 2471 1596 2535 afflicti'

368 2577 431 2641 coll
450 2578 521 2643 Liv.
540 2595 613 2641 xxv
632 2578 684 2642 26.
725 2577 859 2643 Liviana
887 2599 968 2662 quae
997 2577 1108 2642 attulit
1135 2579 1191 2661 qui
1219 2579 1408 2662 inspexerit,
1435 2579 1597 2663 intelliget

370 2689 499 2768 utroque
528 2686 600 2748 loco
624 2683 680 2750 sed
702 2686 806 2769 magis
830 2684 931 2749 altero
956 2685 995 2749 de
1018 2685 1204 2768 pestilentia
1226 2684 1355 2768 quidem
1379 2686 1431 2770 agi
1456 2683 1496 2748 ad
1518 2683 1595 2748 belli

373 2791 445 2855 nala
475 2791 660 2874 accedente,
693 2792 749 2855 sed
777 2813 872 2878 aegre
902 2793 1076 2876 quicquam
1104 2791 1244 2856 offendet
1273 2791 1359 2876 quod
1390 2791 1597 2870 declarandae

375 2895 525 2963 Ennianus
550 2897 706 2963 orationis
729 2899 921 2983 proprietati
944 2898 1106 2963 inserviat,
1148 2897 1237 2964 Haec
1261 2899 1346 2963 enim
1365 2920 1448 2984 quae
1470 2897 1596 2962 Ennius

378 3001 442 3068 dicit
458 3005 526 3070 Hos
539 3007 640 3086 pestis
656 3006 765 3083 nemi,
783 3024 866 3086 pars
883 3005 995 3069 ouidii
1012 3005 1071 3069 raa
1090 3005 1202 3070 duellia
1219 3027 1285 3070 non
1299 3013 1365 3070 tam
1379 3006 1596 3070 narrationem

380 3129 465 3174 rerum
489 3116 653 3195 gestarum
677 3132 789 3196 sapere
813 3111 900 3175 dicas
925 3133 1021 3195 quam
1045 3113 1152 3176 nescio
1176 3134 1240 3195 quo
1259 3113 1394 3177 consilio
1414 3113 1596 3176 universam

383 3218 519 3295 quandam
542 3241 648 3282 rerum
672 3218 893 3282 condicionem
917 3217 1093 3304 designare.
1135 3217 1275 3282 Peritiua
1298 3223 1335 3282 ut
1358 3239 1453 3302 saepe
1476 3218 1596 3283 Paulus

384 3317 483 3390 Merula
509 3325 593 3390 hanc
615 3347 682 3390 rem
706 3324 884 3410 disputavit
908 3326 964 3409 qui
987 3348 1129 3409 versum,
1157 3326 1190 3390 in
1215 3348 1278 3410 quo
1303 3325 1399 3390 aaut
1424 3327 1473 3392 vel
1496 3326 1595 3392 duello
1610 3345 1638 3385 ro

386 3430 460 3496 scribi
480 3432 609 3516 maluit,
632 3434 694 3498 hoc
717 3455 797 3497 sane
820 3455 928 3516 prave,
949 3431 1034 3497 libro
1057 3432 1181 3499 decimo
1205 3438 1296 3497 sexto
1320 3433 1483 3497 annalium
1507 3435 1596 3497 attri-

387 3529 439 3598 buit
456 3545 623 3624 propterea
646 3540 733 3624 quod
758 3539 899 3623 putabat
922 3539 1001 3604 haec
1024 3561 1105 3623 quae
1128 3539 1254 3604 Ennius
1278 3540 1356 3604 dicit
1379 3561 1474 3624 posse
1496 3542 1594 3605 luem

388 3643 502 3727 accipere
534 3669 574 3711 ex
607 3647 647 3710 iis
676 3668 759 3731 quae
787 3650 863 3710 sunt
891 3648 976 3729 apud
1004 3647 1131 3711 Livium
1158 3646 1213 3710 lib.
1233 3665 1279 3710 xa
1303 3648 1359 3729 19,
1380 3648 1397 3710 7
1419 3644 1459 3732 (a.
1480 3670 1510 3711 u.
1529 3646 1596 3711 573

388 3740 412 3807 Ρ.
429 3747 567 3818 Cornelio
590 3752 729 3818 Lentulo
752 3752 795 3816 M.
824 3753 945 3818 Baebio
969 3752 1139 3837 Tamphilo
1168 3752 1262 3839 coss.)
1283 3754 1480 3836 pestilentiae
1506 3760 1596 3818 tanta

388 3852 422 3915 ⁰5⁸
441 3866 500 3923 crat
523 3866 560 3924 at
587 3880 656 3923 eum
673 3866 803 3942 propter
826 3861 1025 3941 defeaunern
1050 3859 1215 3925 Corsorum
1240 3861 1408 3942 bellumque
1430 3860 1469 3924 ab
1493 3861 1595 3925 Ilien·

388 3957 450 4027 the
472 3969 655 4031 mundaum
682 3969 718 4031 in
746 3967 903 4031 Sardinia
931 3974 994 4032 aaa
1022 3967 1114 4032 mitia
1135 3968 1279 4049 pediturn
1308 3989 1345 4032 en
1367 3970 1459 4033 sociis
1482 3968 1595 4032 latini

388 4072 497 4138 nmina
513 4073 685 4155 plawisset
701 4074 796 4138 anibi
815 4080 843 4137 et
860 4080 1006 4139 trecentos
1024 4076 1144 4155 equite
1168 4096 1242 4155 quea
1261 4075 1310 4139 M.
1330 4075 1488 4139 Pinarius
1499 4094 1596 4156 prae·

388 4174 422 4233 u
437 4197 527 4245 mum
547 4182 584 4244 in
601 4180 792 4245 Sardiniam
810 4181 974 4264 traiicerct,
993 4186 1115 4245 tannem
1133 4182 1294 4246 hminum
1313 4183 1505 4246 demortuam
1524 4200 1595 4259 esse,

387 4280 481 4349 huam
501 4286 615 4367 utram
632 4307 795 4369 manum
814 4287 950 4352 manetes
967 4290 1225 4371 renuntiaverint,
1247 4294 1282 4352 ut
1299 4290 1329 4353 is
1346 4308 1494 4353 numerius
1512 4289 1595 4371 effici

387 4386 494 4456 milium
525 4414 590 4458 uon
615 4395 760 4476 punenii
806 4391 921 4478 Itaque
954 4395 1001 4458 sic
1033 4394 1239 4459 existimabat
1267 4394 1367 4459 Ennii
1399 4395 1496 4460 verba
1530 4396 1594 4458 ‘vel
1607 4416 1635 4456 ee

386 4502 473 4570 Poetae
494 4499 545 4565 vel
564 4499 785 4565 Romanorum
810 4500 859 4565 vel
884 4500 1022 4584 denique
1045 4502 1205 4566 sociorum
1229 4502 1284 4585 qui
1309 4524 1428 4566 novum
1452 4501 1593 4567 militum

385 4594 515 4671 delutum
539 4607 760 4672 detrectabant
782 4608 929 4691 querelae
952 4629 1022 4671 esse
1046 4609 1165 4673 multoe
1187 4609 1407 4692 superioribus
1427 4609 1521 4673 bellis
1540 4630 1594 4673 ne·

385 4711 458 4795 etos
478 4718 589 4779 nectos
607 4735 684 4778 vero
703 4718 794 4799 peste
812 4714 979 4779 infinitos?
1019 4713 1154 4779 Addidit
1172 4714 1244 4798 alia,
1268 4719 1304 4780 ut
1322 4716 1478 4779 luxuriari
1498 4738 1593 4799 saepe

384 4817 565 4886 seeundo
598 4820 735 4898 solebat,
768 4821 884 4905 quibus
917 4824 950 4885 in
979 4821 1042 4885 hoc
1069 4821 1259 4906 explicando
1288 4844 1383 4886 versu
1410 4822 1457 4884 uti
1487 4822 1593 4905 liceat,

383 4918 450 4986 velut
469 4948 505 4989 ea
528 4948 610 5010 quae
633 4928 673 4991 ab
691 4926 876 5013 Augustino
901 4928 939 4992 de
964 4929 1093 4993 civitate
1117 4929 1167 4992 dei
1191 4946 1231 4992 111
1249 4951 1274 4993 c.
1297 4929 1336 4992 17
1354 4926 1400 5015 (et
1423 4933 1497 5012 post
1521 4949 1593 4993 eum

383 5020 532 5097 aborosio
552 5051 588 5096 lv
607 5034 637 5117 2,
659 5031 693 5120 1)
712 5033 752 5098 de
771 5056 797 5098 a.
817 5056 847 5098 u.
866 5034 931 5098 478
956 5039 1127 5099 narrantur
1149 5037 1185 5099 in
1208 5042 1298 5100 tanta
1320 5041 1423 5117 struae
1445 5034 1592 5099 canum

383 5131 456 5199 diam
475 5139 653 5219 pendentia
681 5142 790 5222 maara
812 5147 918 5206 exuta
941 5148 985 5206 ast
1007 5141 1172 5206 nrulierunr
1196 5164 1221 5205 e.
1242 5163 1272 5225 q.
1291 5162 1329 5225 s.,
1357 5147 1413 5205 aut
1436 5164 1517 5225 quae
1542 5141 1593 5203 Li-

382 5236 438 5303 vius
457 5243 488 5308 in
510 5246 647 5330 septimo
667 5268 692 5311 c.
714 5249 741 5311 1.
761 5269 787 5310 a.
807 5271 837 5311 u.
857 5247 922 5311 389
942 5248 979 5311 L.
998 5248 1135 5313 Gerrunio
1158 5254 1185 5313 et
1210 5249 1243 5330 Q.
1258 5247 1391 5315 Seruilio
1410 5247 1593 5326 consulibus,

382 5346 453 5411 aaa
472 5353 618 5419 aedtiorn
640 5359 668 5417 ct
690 5375 711 5418 a
734 5354 809 5419 hello
831 5356 942 5436 quietis
964 5354 1066 5432 retus,
1094 5377 1132 5420 ne
1155 5356 1280 5437 quando
1304 5376 1325 5420 a
1349 5361 1429 5420 metu
1452 5375 1490 5452 ae
1505 5356 1594 5435 peri-
