3925 6675
413 1133 478 1200 502
636 1137 708 1189 mx.
726 1137 842 1188 INDEX
860 1135 1075 1188 beomorum
1092 1136 1326 1188 anawanum
1346 1139 1425 1189 1904.

412 1297 555 1385 vulgaris
578 1303 628 1364 est
651 1298 685 1362 in
706 1295 760 1362 hia
781 1295 980 1362 ὑποθέσεων
1002 1298 1148 1382 reliquiis
1172 1320 1254 1382 quae
1276 1297 1374 1363 hodie
1391 1301 1533 1383 exstant3
1556 1297 1645 1384 quod

412 1427 514 1492 genus
544 1406 578 1470 in
600 1403 859 1489 Ἀριστοφάνους
886 1413 1115 1490 γραμματικοῦ
1137 1403 1300 1470 ὑποθέσει
1323 1404 1358 1470 in
1379 1404 1547 1490 Euripidis
1568 1403 1646 1471 Ore·

412 1517 495 1577 stem
509 1533 575 1576 non
594 1510 697 1577 solum
718 1509 762 1599 (p.
780 1510 853 1596 136,
872 1511 892 1576 6
911 1509 966 1598 Κ)
987 1510 1140 1576 scribitur
1158 1511 1177 1595 ἡ
1195 1507 1257 1592 μὲν
1275 1512 1380 1595 σκηνὴ
1398 1521 1460 1578 τοῦ
1480 1511 1647 1596 δράματος

411 1619 582 1686 ὑπόκειται
605 1617 642 1684 ἐν
656 1617 774 1702 Ἄργει,
801 1617 888 1702 quod
910 1637 1005 1702 saepe
1029 1617 1178 1682 similiter
1200 1618 1349 1701 occurrit,
1372 1618 1548 1684 sedetiam
1571 1617 1645 1707 (12)

412 1720 495 1810 πρὸς
513 1727 553 1792 τὰ
576 1735 637 1791 τοῦ
649 1723 889 1809 Ἀγαμέμνονος
906 1725 1059 1809 βασίλεια
1076 1724 1248 1791 ὑπόκειται
1264 1722 1415 1809 Ὀρέστης
1433 1724 1570 1810 κάμνων
1589 1725 1645 1792 καί

412 1833 562 1915 κείμενος
580 1832 644 1898 ὑπὸ
663 1835 783 1916 μανίας
800 1830 854 1896 έπί
873 1832 1050 1914 κλινιδίου,
1072 1835 1104 1896 et
1123 1831 1158 1896 in
1175 1830 1337 1897 ὑποθέσει
1356 1833 1503 1916 equitum
1520 1831 1647 1899 Aristo·

412 1939 528 2025 phanis
546 1937 591 2027 (p.
606 1939 637 2023 3,
656 1939 676 2002 2
695 1936 743 2026 Ζ.)
763 1938 933 2004 ὑπόκειται
952 1939 991 2004 δὲ
1008 1938 1053 2014 ὡς
1071 1938 1268 2022 Παφλαγὼν
1286 1940 1452 2022 νεώνητος
1470 1940 1644 2006 δουλεύων
1661 1941 1682 1998 ὃ

411 2055 456 2136 τῷ
477 2049 582 2134 Δήμφ
606 2045 660 2111 καί
683 2047 910 2130 προαγόμενος
931 2043 1005 2130 παρ’
1032 2043 1121 2133 αὑτῷ
1140 2046 1382 2127 περιττότερον,
1406 2045 1438 2110 h.
1462 2068 1488 2110 e.
1510 2047 1645 2113 ὑπέκει-

411 2177 465 2219 ται
489 2153 671 2233 δουλεύων,
693 2151 728 2216 id
755 2151 841 2236 quod
868 2173 967 2236 prave
995 2150 1224 2237 distinguendo
1249 2151 1448 2217 obscuratur.
1481 2151 1587 2229 Quare
1609 2154 1644 2220 in

371 2279 398 2325 ro
412 2260 572 2346 principio
595 2263 724 2324 nostrae
745 2257 940 2334 ὑποθέσεως
965 2257 1054 2342 quod
1070 2257 1193 2344 legitur
1210 2258 1382 2324 ὑπόκειται
1401 2254 1477 2341 dds,
1500 2262 1646 2344 τροφεὺς

412 2369 545 2444 δεικνὺς
571 2374 617 2454 τῷ
637 2363 770 2451 Ὀρέστῃ
793 2366 833 2430 τὰ
857 2363 894 2430 έν
913 2362 1022 2447 Ἄργει
1040 2368 1262 2450 corrumpunt,
1288 2365 1317 2429 si
1335 2364 1392 2449 qui
1409 2385 1484 2431 oum
1502 2365 1645 2453 Bergkio

411 2475 562 2539 δείκνυσι
585 2471 650 2558 legi
673 2471 798 2537 malunt
820 2493 879 2555 pro
903 2471 1048 2554 δεικνύς,
1077 2472 1163 2555 quod
1190 2492 1257 2537 non
1280 2470 1428 2538 obstante
1455 2467 1520 2538 dds
1542 2472 1645 2559 parti·

411 2581 484 2645 cula
506 2579 698 2664 interposita
720 2578 760 2642 ab
784 2577 956 2644 ὑπόκειται
980 2599 1173 2662 suspensum
1196 2582 1255 2643 est.

501 2684 564 2752 Sed
595 2685 676 2750 haec
707 2687 808 2750 altera
838 2695 913 2769 pars
941 2683 1020 2769 quid
1046 2684 1112 2749 sibi
1139 2685 1219 2750 velit
1245 2685 1484 2770 requirentibus
1511 2691 1646 2772 apparet

411 2793 508 2859 verba
535 2793 665 2878 quidem
694 2791 849 2877 quaedam
878 2791 989 2856 eadem
1013 2812 1082 2856 esse
1105 2813 1179 2856 oum
1204 2792 1440 2878 prioreparte,
1467 2793 1525 2858 sed
1547 2795 1582 2858 in
1604 2793 1645 2859 iis

411 2901 523 2984 etiam,
550 2921 632 2984 quae
660 2922 733 2966 oum
756 2898 812 2964 illa
835 2899 1018 2964 communia
1040 2881 1152 2983 habet,
1180 2899 1245 2965 alia
1267 2903 1301 2964 et
1322 2900 1417 2984 plura
1440 2900 1562 2986 afferri,
1591 2902 1645 2988 agi

411 3011 517 3072 autem
549 3007 679 3093 proprie
710 3006 748 3070 de
779 3005 965 3071 condicione
994 3007 1062 3072 eius
1091 3007 1148 3090 qui
1177 3005 1196 3071 ὁ
1223 3009 1430 3091 προλογίζων
1456 3009 1646 3094 πρεσβύτης

409 3112 657 3201 παιδαγωγὸς*)
682 3113 808 3196 dicitur,
832 3135 929 3197 quem
953 3113 1092 3198 scriptor
1113 3112 1240 3199 τροφέα
1263 3135 1341 3198 esse,
1367 3112 1489 3180 Orestis
1512 3115 1645 3197 scilicet,

411 3219 560 3307 affirmat,
582 3221 646 3286 hoc
669 3242 705 3284 ea
728 3220 767 3285 de
786 3241 890 3303 causa,
914 3221 990 3305 quia
1009 3242 1104 3306 quem
1124 3221 1272 3305 superior
1289 3241 1366 3304 pars
1383 3220 1435 3286 bis
1453 3221 1646 3306 simpliciter

370 3348 398 3392 το
411 3327 536 3414 τροφέα
559 3327 641 3393 dixit
665 3324 714 3415 (l)
738 3329 882 3412 τροφεύς
905 3329 1040 3404 δεικνὺς
1066 3352 1094 3393 τ.
1112 3325 1156 3393 ’0.
1182 3331 1215 3393 et
1238 3325 1289 3415 (3)
1313 3326 1438 3394 δέδωκε
1459 3337 1506 3418 τῷ
1525 3340 1645 3417 τροφελ

410 3435 510 3521 vulgo
533 3436 748 3518 παιδαγωγὸν
770 3434 936 3499 vocabant.
974 3432 1080 3511 Quare
1097 3434 1161 3500 boc
1179 3436 1332 3501 intererat
1350 3434 1436 3501 huno
1454 3438 1645 3523 πρεσβύτην

410 3542 643 3625 παιδαγωγόν,
675 3562 769 3627 quem
802 3563 875 3607 oum
907 3540 1033 3607 duobus
1065 3540 1325 3608 adulescentibus
1357 3542 1579 3610 advenientem
1610 3547 1644 3609 et

411 3649 582 3733 prologum
610 3647 798 3713 recitantem
826 3648 1029 3733 spectabant,
1059 3649 1197 3713 fortasse
1224 3648 1339 3714 habitu
1369 3672 1498 3735 quoque
1525 3652 1643 3717 παιδα-

411 3755 522 3839 γωγὸν
554 3774 624 3820 essa
655 3754 872 3839 agnoscebant
903 3752 958 3841 (ol.
986 3777 1195 3840 personarum
1226 3755 1429 3844 laterculus),
1461 3779 1502 3821 ex
1529 3763 1645 3843 poetae

410 3866 526 3946 mente,
554 3862 610 3946 qui
636 3883 812 3946 numquam
841 3863 1056 3946 παιδαγωγὸν
1083 3862 1235 3947 appellat,
1262 3884 1329 3928 non
1350 3864 1566 3949 παιδαγωγὸν
1587 3864 1644 3930 sed

410 3968 536 4054 τροφέα
558 3990 627 4035 esse
646 3967 769 4035 Orestis
793 3990 866 4033 cum
888 3969 1030 4054 pondere
1054 3968 1195 4053 quodam
1217 3970 1312 4054 quasi
1329 3971 1549 4035 controversia
1565 3976 1644 4038 nata

410 4078 593 4161 asseverari,
618 4076 797 4143 rationibus
820 4074 947 4159 additis,
971 4076 1055 4141 unde
1076 4075 1200 4142 factum
1222 4080 1273 4141 est
1295 4080 1332 4141 ut
1350 4076 1508 4161 quaedam
1526 4078 1644 4145 iterum

410 4183 465 4247 sed
488 4183 615 4268 plenius
638 4186 851 4248 narrarentur.

499 4288 587 4355 Haec
605 4312 643 4355 eo
663 4288 797 4355 oonsilio
817 4290 1032 4374 disputantur,
1054 4294 1092 4355 ut
1112 4292 1246 4375 patefiat
1264 4292 1348 4357 hano
1366 4293 1500 4358 alteram
1518 4296 1644 4378 partem

369 4416 397 4458 ao
410 4418 476 4462 non
498 4398 606 4481 inepte
629 4396 789 4480 superiori
811 4396 956 4480 potuisse
979 4396 1107 4463 adnecti
1130 4401 1164 4462 et
1185 4398 1245 4463 has
1270 4398 1349 4463 duas
1370 4421 1468 4465 unum
1486 4404 1521 4465 et
1538 4404 1645 4467 totum

411 4502 574 4568 conficere.
612 4500 675 4565 Sed
702 4506 739 4567 ut
765 4501 827 4567 hoc
855 4502 1070 4582 addubitstuq
1097 4504 1180 4569 illud
1207 4508 1355 4588 apertum
1385 4510 1433 4571 est
1455 4506 1644 4590 attendenti,

411 4608 523 4675 ambae
545 4607 722 4695 particulae
745 4611 871 4674 tantum
894 4609 1005 4675 abesse
1027 4614 1066 4675 nt
1088 4610 1251 4689 ὑπόθεσις
1268 4613 1335 4677 sint
1349 4609 1538 4699 Ἠλέκτρας,
1561 4634 1644 4698 quae

411 4716 529 4781 dicitur
543 4715 578 4781 in
592 4714 811 4800 inscriptione,
825 4720 862 4780 ut
879 4738 945 4781 non
963 4716 1104 4782 referant
1121 4718 1185 4783 nisi
1204 4722 1429 4805 argumentum
1446 4718 1585 4805 prologi,
1602 4740 1644 4786 er

411 4844 475 4907 quo
503 4844 575 4888 cum
604 4823 667 4887 alia
694 4826 822 4907 sumpta
844 4827 928 4909 sunt,
952 4824 1041 4890 velut
1064 4824 1151 4909 quod
1174 4826 1362 4912 πρεσβύτης
1384 4825 1504 4891 dicitur
1525 4827 1644 4894 παιδα·

409 4930 519 5014 γωγὸς
545 4929 597 4995 vel
623 4932 768 5013 τροφεὺς
794 4950 833 4994 ex
856 4930 1002 4997 versibus
1026 4931 1070 4995 42
1094 4953 1150 5016 sq,
1178 4936 1248 4997 tum
1272 4954 1355 5017 quae
1377 4936 1428 4998 eat
1448 4934 1484 4998 in
1507 4938 1643 5019 utraque

410 5040 501 5123 parte
529 5058 654 5102 summa
682 5038 857 5103 sententiae
885 5056 925 5101 ex
953 5038 1100 5105 versibus
1130 5039 1169 5103 11
1195 5060 1264 5124 sqq.
1293 5040 1377 5106 ὅθεν
1399 5058 1437 5106 σε
1458 5041 1584 5124 πατρὸς
1606 5039 1643 5107 έκ

499 5195 562 5265 ⁸18)
579 5192 655 5250 Haeo
669 5195 710 5249 sic
724 5194 868 5265 iungenda
882 5198 960 5263 sunt,
980 5196 1015 5250 of.
1030 5196 1059 5249 in
1075 5195 1211 5252 ὑποθέσει
1225 5196 1303 5251 Pluti
1317 5196 1515 5268 Aristophanis
1529 5198 1643 5255 πλάττει

409 5284 567 5355 πρεσβύτην
584 5284 649 5341 τινὰ
668 5285 791 5355 γεωργὸν
810 5284 954 5355 Χρεμύλον
972 5284 1097 5355 τοὺνομα
1116 5288 1146 5341 et
1159 5286 1190 5341 iu
1204 5286 1349 5357 Euripidis
1367 5286 1467 5343 neda·
1481 5290 1516 5344 θδ
1533 5285 1642 5344 τέκνων

410 5372 500 5429 ὀπαδὲ
519 5376 632 5445 πρέσβυ.
