3925 6675
649 1135 700 1185 ns
717 1135 946 1184 munusue
967 1134 1125 1185 vanuum
1144 1135 1300 1185 ulxnro.
1533 1132 1597 1197 153

360 1294 459 1380 gisae:
489 1295 610 1379 qnippe
638 1316 704 1359 non
730 1296 850 1378 fidrmia
876 1297 998 1379 inperii
1022 1297 1122 1376 fretus
1150 1295 1205 1359 sed
1233 1298 1358 1378 inperio
1383 1297 1483 1376 fretus
1510 1294 1596 1360 Zeno

360 1401 574 1486 appellandus
598 1405 667 1467 eret
685 1406 742 1466 aut
760 1401 824 1466 alio
843 1402 973 1467 nomine
991 1403 1100 1486 posito
1120 1402 1208 1466 velut
1226 1405 1259 1467 vi
1277 1409 1306 1467 et
1322 1403 1459 1467 soltertia
1478 1406 1599 1486 inperii

358 1509 475 1588 freter-u
506 1507 556 1573 vel
580 1510 608 1573 si
629 1510 750 1591 fiducia
772 1512 894 1592 imperiii
916 1511 1095 1594 placuerat,
1123 1531 1189 1574 non
1209 1511 1310 1590 fretus
1332 1510 1388 1574 sed
1411 1511 1475 1575 alio
1499 1510 1598 1596 parti-

360 1615 447 1700 cipio
470 1614 619 1680 adhibito
643 1622 732 1680 tanta
750 1617 870 1699 fiducia
888 1619 1010 1699 imperiii
1028 1622 1129 1681 motus
1147 1618 1213 1680 sive
1233 1617 1342 1682 damus
1360 1617 1521 1682 dicendus.
1558 1615 1598 1681 In

361 1745 424 1806 qua
447 1745 484 1786 re
507 1728 630 1788 tantu-m
653 1745 712 1808 pro
735 1730 825 1788 tauta
848 1725 990 1807 positum
1014 1745 1075 1787 nos
1103 1723 1186 1788 nihil
1214 1723 1351 1788 adiuvat.
1397 1723 1474 1789 Fuit
1502 1725 1597 1789 etiam

361 1829 415 1913 qui
437 1830 542 1910 fretus
569 1829 738 1895 delendum
767 1834 923 1911 censeret,
956 1831 1003 1896 sic
1034 1852 1163 1915 quoque
1190 1830 1352 1914 probabili
1379 1831 1483 1896 forma
1510 1853 1598 1896 recu·

361 1940 473 2020 perata
493 1933 715 2022 (Apripmtum
732 1939 827 2020 petiit
844 1944 934 2002 tanta
956 1938 1076 2020 fiducia
1094 1939 1216 2020 imperii
1234 1958 1272 2002 ac
1290 1959 1419 2017 morum,
1441 1944 1477 2002 ut
1493 1959 1599 2020 spera

362 2041 462 2129 ecit).
502 2041 565 2107 Sed
580 2044 636 2128 qui
651 2048 798 2108 naturam
812 2043 909 2108 huius
924 2043 1082 2109 orationis
1097 2045 1226 2130 penitus
1245 2046 1454 2128 perspexerit,
1474 2045 1600 2110 cavebit

363 2172 401 2213 ne
428 2149 587 2214 mutando
615 2150 710 2215 tollat
737 2151 824 2235 quod
847 2150 1013 2215 Valerium
1045 2151 1236 2235 prudentem
1267 2153 1415 2236 posuisse
1448 2151 1599 2217 credibile

365 2262 424 2341 est3
448 2279 524 2322 cum
546 2259 737 2342 praesertim
761 2258 915 2323 mutando
940 2259 967 2323 si
992 2257 1128 2323 salutem
1152 2280 1287 2342 quaeras
1306 2259 1376 2323 viae
1398 2258 1505 2322 variae
1528 2259 1598 2343 pari
1614 2283 1641 2322 io

365 2364 429 2428 iere
452 2363 685 2448 probabilitate
708 2387 743 2429 se
766 2365 920 2449 aperiant.
966 2364 1141 2429 Enimvero
1164 2364 1313 2429 Valerius
1340 2387 1412 2429 cum
1436 2365 1599 2431 abundan-

368 2473 442 2536 tiam
476 2472 638 2556 quandam
672 2472 827 2537 orationis
860 2476 1000 2536 sectatus
1033 2494 1093 2556 pro
1126 2471 1267 2556 simplici
1299 2473 1430 2537 nomine
1467 2473 1599 2537 circum·

369 2575 529 2643 locutione
553 2582 706 2661 uteretur,
729 2579 846 2645 accidit
869 2585 905 2644 ut
928 2579 979 2644 bia
999 2579 1084 2644 idem
1104 2579 1208 2644 dicere
1227 2579 1398 2662 rideretur,
1421 2601 1486 2643 non
1505 2579 1600 2663 plane

372 2684 522 2771 singulari
545 2685 578 2749 id
602 2685 730 2769 quidem
756 2688 911 2770 exemplo.
957 2684 1043 2750 Nam
1067 2686 1154 2770 quod
1178 2685 1292 2751 scribit
1314 2708 1344 2769 p.
1358 2685 1469 2770 464‚5

501 2791 558 2857 Cu.
583 2792 685 2857 Carbo
712 2794 758 2857 ad
782 2793 972 2876 supplitium
1001 2794 1111 2858 duetus
1130 2795 1225 2874 petiit
1251 2814 1273 2856 a
1300 2793 1453 2858 iuditibus
1478 2798 1514 2857 ut
1539 2793 1601 2858 sibi

499 2899 607 2964 airum
629 2900 731 2965 levare
746 2903 843 2983 priris
864 2922 959 2983 quam
984 2903 1157 2982 exspiraret
1178 2900 1292 2978 liceret,
1320 2921 1378 2982 qua
1406 2902 1602 2965 miserrimae

500 3006 580 3072 lucie
601 3028 661 3072 mu
684 3009 804 3072 diutius
824 3009 988 3089 fateretur,

383 3111 493 3177 etiamsi
520 3113 627 3178 minus
654 3115 791 3179 fortasse
819 3114 991 3179 offenderit
1017 3116 1177 3200 legentem
1206 3112 1325 3200 (neque
1353 3114 1440 3198 quod
1463 3114 1601 3178 sciamus

386 3219 536 3304 quisquam
568 3221 602 3284 in
631 3242 669 3287 eo
700 3220 828 3304 haesit),
857 3223 912 3286 vix
945 3226 1054 3286 tamen
1084 3221 1246 3286 diversum
1276 3225 1326 3286 est
1355 3221 1395 3285 ab
1426 3221 1483 3285 illo
1515 3219 1602 3305 quod

387 3325 462 3390 nodo
494 3327 753 3413 disceptavimus.
799 3328 885 3395 Satis
918 3329 1005 3395 enim
1038 3333 1106 3394 erat
1139 3328 1201 3394 dici
1233 3352 1292 3412 quo
1325 3330 1505 3395 miserrima
1537 3328 1603 3394 luce
1616 3358 1644 3398 ao

390 3430 488 3500 dutus
507 3436 673 3516 fateretur,
696 3436 747 3500 rel
770 3437 797 3500 si
821 3437 963 3501 malebat
987 3439 1183 3502 miserrimae
1209 3437 1287 3503 lucis
1315 3458 1406 3502 usum
1431 3437 1602 3521 appellare,

391 3536 459 3606 dul
480 3541 627 3627 verbum,
650 3545 818 3625 nosfrui,
843 3544 1024 3608 addendum
1048 3547 1130 3626 erat,
1152 3543 1242 3608 velut
1265 3545 1385 3610 diutius
1407 3545 1604 3609 miserrimae

393 3641 451 3711 lucie
469 3670 559 3714 usrrm
581 3650 712 3715 haberet
758 3649 854 3716 Nunc
877 3650 957 3716 lueis
977 3671 1039 3715 usu
1058 3653 1128 3731 frui
1150 3674 1217 3716 non
1240 3650 1333 3716 aliter
1363 3651 1483 3716 dicitur
1506 3673 1602 3735 quam

394 3751 488 3830 mma
515 3759 637 3840 incurii
663 3759 779 3839 fretum
809 3778 879 3823 esse.
927 3756 1040 3842 Neque
1070 3757 1151 3822 illud
1182 3758 1360 3842 comparari
1391 3779 1456 3821 non
1486 3762 1603 3841 potest,

396 3878 563 3946 quamquem
586 3864 709 3948 aliquid
732 3864 856 3949 proprii
879 3864 987 3948 habet,
1011 3865 1099 3948 quod
1120 3866 1240 3951 legitur
1263 3888 1293 3949 p.
1310 3865 1383 3947 207,
1401 3865 1442 3929 10

506 3968 600 4036 Orare
617 3974 716 4053 iaitm
730 4021 737 4034 .
752 4022 759 4033 .
773 3971 846 4035 tine
859 3971 988 4036 Decime
1002 3972 1102 4051 Laeti,
1121 3972 1210 4037 illiue
1224 3972 1273 4036 M.
1288 3973 1435 4055 Aprippa
1450 4023 1457 4036 .
1472 4022 1479 4036 .
1493 3979 1603 4037 totam-

502 4099 560 4159 que
576 4078 683 4142 beatae
700 4077 807 4143 turbae
822 4100 953 4161 crepera,
971 4081 1027 4160 qui
1043 4086 1140 4144 vestm
1159 4080 1252 4143 duaa
1270 4080 1448 4143 renuenda
1465 4081 1604 4144 sincerae

502 4185 578 4267 fidei
595 4186 754 4267 amaedeo
772 4185 921 4250 lauimus
937 4191 966 4250 et
980 4188 1134 4268 praemiis
1157 4192 1284 4251 marus
1301 4189 1429 4269 pereyit,
1452 4188 1488 4250 ia
1506 4186 1603 4250 lucem

503 4291 658 4357 vobiscum
677 4292 861 4373 protrahite.

401 4383 461 4460 Nun
480 4420 542 4463 non
565 4420 638 4463 cum
662 4398 792 4463 nomine
815 4419 901 4463 nuno
919 4399 1053 4463 verbum
1073 4400 1215 4463 eiusdem
1234 4400 1376 4464 notionis
1395 4401 1602 4465 coniunctum
1618 4427 1646 4467 so

403 4503 443 4575 αἱ,
460 4503 508 4568 sed
530 4504 594 4570 duo
617 4505 750 4569 nomina
773 4527 874 4589 paene
897 4506 981 4570 idem
1006 4507 1222 4591 significantia
1246 4507 1292 4571 ita
1311 4527 1454 4571 connexa
1473 4511 1548 4570 suut
1566 4511 1604 4570 ut

323 4658 324 4661 ,
404 4601 509 4676 altemm
538 4612 579 4676 ab
610 4613 712 4676 altero
742 4617 874 4698 regatur
903 4617 936 4676 et
965 4613 1111 4697 pendeat.
1158 4612 1272 4697 Neque
1303 4614 1387 4678 enim
1419 4617 1487 4677 erat
1517 4613 1604 4697 quod

405 4710 474 4778 ‘dum
498 4716 602 4783 beatae
630 4717 738 4783 barbae
763 4739 885 4801 qreyem
915 4719 1048 4802 diceret,
1081 4742 1154 4785 oum
1184 4724 1294 4803 posset
1323 4726 1418 4784 totum
1447 4721 1604 4785 beatorum

406 4831 495 4898 tuor
514 4824 564 4888 rel
586 4830 683 4889 totam
711 4825 832 4889 beatam
859 4826 996 4904 trabam,
1025 4827 1080 4890 sed
1109 4826 1216 4891 studio
1244 4825 1300 4889 illo
1331 4826 1604 4910 circumloquendi

410 4916 498 4992 buum
519 4936 567 4995 est
593 4937 631 4995 nt
658 4932 765 4996 turbae
789 4953 910 5015 precem
941 4937 1077 4998 vocaret.
1124 4932 1169 4997 ut
1192 4934 1254 4997 hoc
1278 4933 1364 5015 quod
1387 4934 1511 5017 proprii
1535 4955 1605 4997 esse

411 5021 498 5099 illboe
518 5038 662 5121 exemplo
686 5038 832 5121 dicimus,
855 5038 951 5103 latius
975 5045 1077 5123 patet:
1102 5041 1195 5123 quale
1219 5043 1267 5103 est
1291 5040 1366 5122 251,
1383 5040 1422 5102 13

512 5144 558 5208 M.
575 5144 699 5209 Fabium
721 5145 913 5227 triumphum
937 5148 1046 5211 dacae
1068 5168 1132 5211 aaa
1154 5149 1311 5225 sustinuit,
1334 5149 1410 5229 quia
1434 5167 1466 5210 eo
1484 5145 1604 5227 praetio

516 5250 547 5331 Q.
560 5252 682 5317 Fabius
693 5253 795 5333 frater
807 5255 874 5317 eius
892 5254 1065 5318 correcturis
1081 5256 1252 5335 fortissime
1270 5254 1427 5317 dimicares
1444 5253 1603 5316 occiderat.

517 5356 668 5437 Quotam
692 5361 728 5423 ia
751 5379 783 5423 eo
800 5365 922 5440 patore
938 5362 1086 5439 pietatem
1104 5361 1267 5440 fraternae
1289 5362 1431 5424 caritatis
1449 5359 1606 5423 habitasse
