3925 6675
625 1133 676 1184 nu
693 1133 850 1185 nameus
870 1133 1063 1185 ommonrs
1083 1133 1344 1185 erumnarum
1534 1132 1600 1197 225

360 1299 510 1376 qrsoepuol
534 1299 610 1360 οαια
635 1294 797 1359 lominum
824 1293 995 1360 beatium
1023 1292 1085 1381 (me
1111 1294 1193 1360 nihil
1216 1294 1361 1380 ὅοατίαο),
1390 1295 1451 1360 hoo
1475 1295 1601 1361 dicendi

363 1420 481 1485 genusy
509 1406 542 1466 st
569 1402 709 1466 maxime
736 1423 810 1467 cum
833 1399 1035 1467 extollendae
1058 1402 1289 1485 comparationi
1313 1404 1459 1487 inservit,
1486 1404 1600 1488 priscis

364 1509 469 1590 poetis
494 1509 651 1573 sollemne
673 1507 745 1591 fuit,
768 1513 805 1573 ut
827 1506 960 1572 Plautus
984 1507 1096 1573 scribit
1119 1509 1153 1573 in
1177 1508 1320 1594 Captivis
1344 1528 1380 1573 1v
1399 1511 1429 1593 2,
1449 1509 1492 1574 55

409 1635 427 1679 ο
453 1614 547 1694 melei,
573 1621 734 1697 ηιιαιααια·
753 1621 798 1681 ael
823 1615 985 1680 ὅοιαὲιιανι
1011 1621 1218 1697 optumarum,
1245 1623 1378 1699 optume,
1405 1619 1440 1682 τίι
1468 1623 1601 1700 tempore

368 1720 401 1784 in
421 1719 567 1788 Poenulo
590 1721 672 1807 prol.
691 1721 736 1786 90
1453 1725 1599 1802 advenis·

411 1827 539 1908 homini,
555 1831 587 1895 ai
600 1829 695 1894 Ιαιοοτ
707 1830 806 1913 loma
817 1835 969 1912 ηααιιταια
985 1830 1146 1896 lominum
1159 1836 1244 1895 terra
1256 1833 1393 1910 milred,
1407 1851 1598 1908 succuum

375 1930 535 2001 Terentius
558 1936 593 2000 in
615 1934 812 2001 Phormione
834 1937 907 2017 ve,
928 1936 969 2000 13

416 2046 598 2122 omnnium,
621 2049 773 2125 ηααιιέανι
795 2049 839 2109 est
861 2046 916 2126 qai
937 2046 1058 2123 visunt,
1081 2043 1242 2109 lominum
1264 2045 1353 2110 homo
1375 2048 1597 2124 οαιαιὶεοιιιιιο;

383 2148 459 2212 cuius
481 2171 557 2215 usus
580 2152 736 2235 exemplu,
759 2172 840 2235 quae
863 2151 966 2216 multa
985 2154 1076 2216 erant
1094 2152 1128 2216 in
1146 2156 1309 2236 promptu,
1332 2152 1396 2217 iam
1415 2150 1597 2218 Fridsricus

385 2250 437 2318 leo
456 2254 536 2320 libro
559 2257 725 2341 praeclaro
745 2255 992 2333 Quaestionibus
1011 2257 1171 2322 Plautinis
1194 2258 1300 2323 dicato
1321 2259 1356 2322 in
1374 2257 1437 2324 alie
1456 2259 1510 2324 ille
1529 2260 1597 2344 qui·
1613 2287 1639 2328 ιο

389 2357 444 2425 len
466 2362 686 2428 observatione
709 2364 879 2449 occupavit
901 2387 931 2449 p.
950 2364 1026 2429 283.
1062 2364 1154 2429 Licet
1176 2369 1283 2429 autem
1307 2387 1376 2430 eam
1400 2365 1526 2431 dicendi
1549 2389 1597 2432 ra-

391 2467 487 2534 torem
512 2469 610 2535 etism
636 2470 734 2535 altius
756 2475 900 2556 repetere
923 2471 963 2535 ab
987 2469 1168 2536 Homericis
1192 2473 1395 2556 carminibus,
1421 2474 1596 2558 inquibus

396 2592 454 2654 quse
472 2577 621 2664 leguntur
643 2575 762 2643 Iliados
785 2595 823 2642 [Χ
841 2577 885 2642 55

323 2718 325 2775 j
523 2684 564 2749 οὔ
588 2685 639 2761 τίς
660 2709 713 2749 τοι
736 2686 795 2749 τὸν
817 2691 931 2769 μῦθον
955 2685 1144 2768 ὀνόσσεται,
1168 2684 1264 2750 ὅσσοι
1281 2683 1415 2770 Ἀχαιοί,

323 2856 330 2895 i
398 2789 438 2848 ut
452 2787 559 2856 ssridem
583 2792 646 2856 641

825 2896 971 2982 μέμαμεν
995 2898 1035 2963 δέ
1056 2923 1106 2963 τοι
1129 2895 1245 2984 ἔξοχον
1271 2901 1381 2964 ἄλλων

521 3006 675 3088 κήδιστοί
695 3003 723 3069 τ’
751 3001 863 3086 ἔμεναι
886 3004 940 3069 καὶ
965 3009 1133 3090 φίλτατοι,
1157 3007 1252 3072 ὅσσοι
1271 3004 1411 3089 Ἀχαιοί,

402 3120 428 3165 θ·
442 3103 513 3175 Imm
531 3111 697 3177 Belrkerus
722 3116 755 3176 et
777 3117 863 3176 reete
887 3112 1116 3197 interpretatus
1140 3117 1189 3178 est
1211 3113 1345 3178 πάντων
1368 3124 1436 3176 τῶν
1453 3111 1595 3197 Ἀχαιῶν

401 3204 596 3290 (similem.
614 3218 720 3304 1181;
738 3217 859 3306 11235)
882 3223 915 3284 et
938 3219 978 3284 ad
1001 3241 1111 3284 eorum
1133 3241 1279 3285 normam
1298 3217 1459 3303 Odysseae
1477 3238 1513 3283 lv
1528 3220 1593 3285 613

402 3310 445 3399 (XV
458 3323 522 3414 113)
544 3349 604 3392 suo
628 3326 698 3391 iure
720 3349 780 3411 pro
803 3327 922 3411 δώρων
946 3327 1086 3393 correxit
1608 3356 1634 3398 ιο

522 3435 632 3519 δῶρον
655 3432 699 3517 δ’,
723 3433 794 3500 ὅσσ’
823 3434 859 3499 ἐν
883 3434 948 3523 ἐμῷ
968 3442 1048 3521 οἴκῳ
1071 3437 1222 3517 κειμήλια
1245 3447 1366 3517 κεῖται,

521 3542 617 3606 δώσω
642 3539 660 3605 ὃ
683 3541 862 3608 κάλλιστον
884 3540 939 3607 καὶ
963 3541 1180 3626 τιμηέστατόν
1203 3540 1310 3624 ἐστιν,

402 3636 632 3712 elllil1n38l
652 3645 753 3735 (xxiv
771 3645 830 3734 21)
853 3648 948 3714 ὅσσοι
971 3670 1030 3733 pro
1055 3649 1151 3713 ὅσσαι

519 3749 604 3837 ἦλθε
627 3753 659 3819 δ’
685 3752 739 3820 ἐπὶ
762 3757 851 3840 ψυχὴ
871 3754 1114 3839 Ἀγαμέμνονος
1134 3753 1304 3840 Ἀτρεΐδαο

519 3860 700 3946 ἀχνυμένη·
724 3860 799 3945 περὶ
823 3863 852 3926 δ’
880 3864 976 3927 ἄλλοι
1000 3860 1197 3946 ἀγηγέραθ’,
1222 3862 1315 3927 ὅσσοι
1339 3859 1393 3945 ἅμ’
1422 3862 1510 3949 αὐτῷ

518 3974 597 4055 οἴκῳ
621 3965 659 4033 ἐν
682 3970 863 4051 Αἰγίσθοιο
886 3969 996 4033 θάνον
1019 3967 1073 4033 καὶ
1097 3971 1223 4053 πότμον
1247 3968 1407 4050 ἐπέσπον,

400 4053 452 4127 le·
468 4076 560 4159 νυγαί
584 4074 720 4139 πάντων
743 4074 837 4141 ὅσσοι
860 4113 912 4138 -.

459 4175 501 4243 ld
522 4203 595 4246 eum
618 4181 749 4247 modum
773 4183 902 4268 scripsit
925 4181 1080 4247 Horatius
1105 4203 1233 4266 quoque
1258 4181 1354 4247 saur
1374 4183 1394 4246 6
1418 4184 1460 4246 in.

785 4289 944 4373 Ιιγιίοαινι
966 4290 1122 4372 quidquid
1143 4290 1292 4354 Etruscos

569 4395 700 4460 incoluit
720 4396 812 4478 ῥαοο,
834 4418 922 4461 nemo
942 4398 1118 4479 peneroszor
1141 4402 1185 4462 est
1206 4402 1246 4474 te,
1605 4423 1632 4463 so

387 4482 438 4555 'h00
454 4504 493 4564 est
513 4500 602 4588 (nam
624 4502 817 4588 interpretes
834 4525 900 4568 non
918 4503 1129 4586 satisfaciunt,
1151 4526 1191 4567 ne
1210 4503 1426 4590 Kiesslingius
1446 4502 1590 4589 quidem)

354 4601 382 4659 l!
394 4591 514 4673 ‘omnim
535 4608 701 4693 Lydorum
720 4610 777 4693 qui
795 4609 949 4676 Etruscos
968 4612 1048 4675 fines
1067 4610 1270 4676 incoluerunt
1290 4632 1383 4674 nemo
1404 4612 1590 4696 generosior

391 4707 428 4768 ffll
444 4711 486 4775 α’
518 4715 641 4781 Eodem
666 4714 835 4782 referimus
858 4716 1058 4801 0.1v14‚5

783 4844 813 4901 o,
836 4844 899 4904 ηαο
920 4825 966 4889 sol
987 4825 1171 4889 Ιιαὸἱαιὸιῖοο

568 4930 720 4995 inlustrat
741 4951 826 5009 oros,
850 4933 987 4996 manime
1006 4933 1186 5014 principum

381 5022 445 5093 te.
462 5038 592 5101 maxims
615 5038 722 5101 omnis
745 5041 904 5102 enarum
927 5037 1023 5102 orbis.
1056 5036 1107 5101 Au
1126 5037 1256 5102 norum
1275 5037 1519 5102 similitudinem
1539 5057 1587 5099 ae-

378 5132 478 5203 oedmt
499 5141 634 5227 denique
659 5142 840 5209 Catulliana
862 5145 954 5210 haec:
976 5149 1014 5208 ut
1037 5145 1123 5208 enim
1147 5145 1307 5208 xxxviii
1331 5145 1377 5207 ait

566 5249 642 5316 solia
663 5250 754 5316 licere
775 5251 930 5333 quidquod
950 5258 994 5316 est
1011 5251 1191 5333 puellarum
1216 5249 1412 5331 Constituere,

369 5351 413 5417 its
430 5373 453 5418 c
470 5371 553 5420 mr
573 5358 616 5422 14

416 5467 537 5510 Vahlen
550 5471 662 5521 opmls
674 5471 706 5512 u
1340 5466 1372 5512 15
