3925 6675
537 1133 588 1183 DE
605 1131 704 1184 VOCE
722 1132 987 1184 correovsssss
1005 1133 1045 1183 IN
1063 1132 1240 1185 PLA'roms
1258 1134 1465 1186 PHAEDONE.
1553 1132 1619 1198 205

517 1316 587 1358 των
608 1291 663 1358 nal
686 1304 754 1358 τῶν
776 1295 889 1358 ἄλλων
911 1305 1023 1358 κακῶν
1044 1305 1112 1359 τῶν
1135 1293 1357 1377 ἀνθρωπείων
1375 1295 1619 1386 ἀπηλλαγμένας,

518 1401 629 1483 ὥσπερ
657 1401 695 1466 δὲ
722 1399 850 1484 λέγεται
877 1403 959 1465 κατὰ
984 1413 1052 1466 τῶν
1074 1401 1306 1486 μεμυημένων,
1334 1404 1378 1479 ὡς
1401 1402 1536 1486 άληθῶς
1559 1405 1619 1468 τὸν

424 1507 472 1571 20
518 1509 638 1572 λοιπὸν
660 1510 783 1593 χρόνον
805 1510 886 1590 μετὰ
907 1515 1001 1573 θεῶν
1024 1509 1203 1591 διάγοντας

376 1612 523 1678 Tantum
542 1614 713 1699 oportebat
730 1614 847 1693 afferri,
869 1618 906 1678 ut
925 1615 1158 1680 sententiarum
1177 1620 1270 1680 tenor
1289 1620 1422 1699 pateret,
1445 1618 1479 1680 in
1498 1639 1563 1701 quo
1584 1639 1620 1682 ea

378 1742 444 1785 vox
473 1722 583 1804 posita
609 1725 660 1785 est
686 1722 726 1785 de
753 1743 817 1805 qua
845 1722 964 1786 dicturi
987 1743 1112 1808 sumus,
1139 1727 1318 1787 astantem
1343 1720 1385 1809 (v.
1408 1723 1463 1811 13)
1488 1725 1618 1810 ῥᾳδίως.

378 1825 471 1904 Quae
493 1849 569 1892 cnm
592 1849 659 1893 non
680 1851 746 1893 uno
769 1828 865 1894 modo
888 1849 961 1893 cum
986 1829 1101 1895 ceteris
1124 1829 1193 1894 eius
1217 1831 1375 1894 enuntiati
1398 1831 1489 1917 iungi
1507 1833 1619 1915 possit,

379 1936 584 2019 interpretes,
607 1934 664 2019 qni
686 1934 747 2000 hac
766 1937 926 2021 scriptura
944 1937 1162 2020 acquiescunt,
1185 1940 1293 2000 tamen
1312 1938 1398 2002 varie
1416 1936 1532 2003 horum
1552 1961 1619 2003 ver-

379 2041 496 2106 bomm
527 2041 593 2105 vim
622 2046 654 2106 et
681 2044 875 2107 sententiam
903 2047 1108 2127 acceperunt,
1136 2043 1191 2107 alii
1217 2065 1335 2108 nomen
1358 2045 1470 2109 abesse
1494 2045 1534 2110 ab
1557 2045 1619 2110 hoc

378 2146 451 2213 loco
481 2149 660 2231 iussenmt,
687 2149 784 2233 idque
811 2171 851 2214 ne
879 2149 1132 2215 incommodaret
1159 2148 1279 2236 legenti
1309 2149 1458 2216 cancellis
1486 2154 1618 2217 circum—

380 2257 540 2339 scriptum
563 2261 797 2342 propagarunt3
819 2278 924 2341 nuper
946 2255 1151 2321 Hermannus
1170 2255 1343 2342 Usenerus,
1365 2259 1400 2322 in
1422 2261 1544 2323 nuntiis
1569 2281 1618 2325 so·
1633 2289 1659 2329 ιι

381 2363 507 2426 cietatis
522 2359 744 2449 Gottingensis
758 2386 785 2428 a.
803 2363 898 2446 1892,
913 2386 986 2429 eum
1001 2364 1208 2448 reliquiarum
1224 2363 1424 2448 quarundam
1438 2364 1618 2430 Phaedonis

381 2489 547 2553 apapyro
567 2467 768 2555 Aegyptiace
790 2492 856 2535 non
880 2472 926 2535 ita
943 2471 1068 2555 pridem
1087 2473 1218 2535 inventa
1237 2471 1452 2536 exhibitarum
1471 2473 1567 2538 fidem
1586 2478 1619 2537 et

353 2575 609 2640 tauctoritatem
632 2578 815 2660 exploraret
833 2579 958 2643 erudite
976 2582 1009 2642 et
1028 2601 1092 2662 qua
1109 2579 1211 2663 pollet
1229 2581 1388 2665 elegantia
1406 2579 1526 2664 iudicii,
1545 2603 1618 2646 cum

385 2680 505 2746 doleret
528 2682 569 2747 ad
586 2683 675 2748 huuc
692 2683 799 2750 locum
819 2689 852 2749 et
870 2685 910 2749 ad
928 2683 1078 2771 alium*),
1099 2708 1235 2770 quorum
1255 2690 1428 2770 utrumque
1447 2689 1617 2770 praecipue

388 2787 590 2873 depravatum
618 2789 764 2874 haberet,
792 2790 875 2856 nihil
902 2815 941 2856 ex
968 2813 1054 2858 novo
1082 2792 1172 2857 fonte
1200 2792 1386 2858 adminiculi
1413 2793 1617 2877 redundasse,

390 2893 451 2978 ipse
482 2897 595 2962 ambos
625 2921 682 2962 sua
714 2899 898 2964 coniectura
930 2899 1098 2963 emendare
1130 2904 1278 2982 conatus,
1309 2905 1421 2964 nostro
1449 2900 1520 2964 loco
1551 2922 1617 2964 non

393 3000 505 3085 ῥᾳδίως
532 3002 634 3090 (quod
661 3026 803 3089 papyrus
832 3027 904 3070 cum
932 3007 1047 3072 ceteris
1074 3006 1167 3070 libris
1195 3004 1346 3093 testatur)
1374 3005 1428 3070 scd
1455 3008 1616 3071 τεθνάναι

396 3109 535 3189 μελετῶά
563 3111 714 3195 άρράτως
736 3113 891 3196 scriptum
914 3114 1015 3177 fuisse
1039 3113 1102 3177 sibi
1125 3109 1297 3197 persuasit,
1320 3112 1418 3197 idque
1441 3114 1616 3178 novissimo

399 3211 562 3282 Phaedonis
591 3219 760 3303 interpreti
788 3221 952 3303 probavit,
980 3219 1022 3283 M.
1043 3219 1237 3303 Woblrabo,
1261 3222 1316 3304 qui
1344 3221 1542 3285 divinatione
1569 3220 1616 3284 iu-

402 3326 512 3389 ventum
545 3329 711 3411 tamquam
742 3332 864 3392 certum
893 3332 926 3392 et
954 3327 1170 3393 indubitatum
1200 3329 1232 3392 iu
1261 3332 1352 3393 textu
1380 3329 1491 3415 posuit
1519 3328 1613 3393 inter·
1629 3360 1655 3401 ιο

404 3431 599 3517 pretundoque
622 3434 749 3499 firmare
773 3435 906 3499 studuit.

474 3536 640 3606 Rarissimi
654 3564 730 3606 neus
742 3564 859 3606 nomen
869 3544 1016 3626 ἄρρατον
1026 3548 1138 3607 notum
1149 3547 1198 3607 est
1208 3543 1257 3607 bis
1268 3545 1354 3628 apud
1363 3544 1531 3609 Platonem
1541 3543 1615 3628 legi,

408 3635 432 3699 in
443 3640 560 3731 Cratylo
579 3646 625 3734 (p.
640 3648 692 3726 53,
707 3647 867 3735 8Belslr.),
886 3649 942 3712 ubi
962 3649 1041 3714 haec
1060 3650 1179 3734 scripta
1199 3655 1274 3714 sunt
1292 3651 1382 3715 nulla
1402 3651 1615 3735 discrepantia

472 3877 530 3946 ⁸14)
548 3876 643 3932 Verba
666 3881 733 3931 sunt
756 3879 824 3932 baec
848 3882 885 3949 (p.
901 3884 948 3945 55,
970 3885 1003 3932 13
1014 3878 1112 3948 Bekk.)
1136 3880 1277 3948 τοιγάρτοι
1301 3881 1410 3943 τούτοις
1433 3879 1483 3948 μἐν
1507 3879 1614 3933 ἅπασιν

410 3958 487 4020 διεῖναι
503 3965 546 4031 οἷς
563 3987 590 4021 τι
609 3967 682 4036 μέλει
700 3976 750 4037 τῆς
768 3968 862 4021 αύτῶν
879 3975 973 4038 ψυχῆς
992 3967 1075 4021 ἀλλὰ
1093 3968 1135 4037 μὴ
1155 3970 1282 4037 σώματι
1301 3967 1508 4028 πλάττοντες
1522 3971 1613 4030 ζῶσι,

409 4048 490 4117 κείρειν
511 4055 638 4118 εἰπόντες
655 4058 689 4111 ού
708 4056 781 4111 κατὰ
800 4056 889 4110 ταύτὰ
907 4058 1077 4124 πορεύονται
1096 4059 1191 4119 αὐτοῖς
1209 4061 1265 4111 ιιτλ.
1302 4056 1334 4109 In
1354 4056 1456 4126 quibus
1476 4055 1526 4109 illa
1544 4056 1613 4109 ἀλλὰ

409 4137 434 4206 ll
450 4145 544 4214 νάματι
565 4146 732 4209 πλάττοντες
753 4150 818 4211 ζῶσι
842 4146 917 4200 varie
941 4148 1083 4215 temptata
1106 4150 1172 4200 sunt
1195 4163 1212 4199 a
1234 4147 1300 4199 viris
1319 4146 1423 4209 doctis;
1447 4162 1502 4212 quo
1522 4145 1613 4215 magis

409 4223 531 4289 loturum
549 4239 601 4302 est,
620 4252 654 4289 ea
671 4234 756 4288 verba
775 4234 804 4288 in
823 4251 932 4305 papyro
951 4238 1062 4289 servata
1080 4253 1135 4290 non
1155 4253 1228 4300 esse;
1250 4254 1315 4287 uam
1334 4235 1419 4288 ceteri
1439 4232 1504 4286 libri
1523 4249 1612 4302 paene

408 4329 479 4376 tanes
495 4325 523 4378 in
542 4325 599 4378 ista
618 4324 758 4393 scriptura
777 4323 947 4393 conspirant.
975 4323 1017 4377 Dc
1038 4324 1140 4394 quibus
1160 4325 1250 4378 verbis
1268 4342 1319 4378 uos
1339 4323 1405 4377 olim
1425 4323 1454 4376 in
1469 4324 1612 4392 prooemio

407 4413 455 4463 test
471 4416 532 4468 anni
553 4418 622 4467 1879
641 4416 732 4482 (parte
751 4432 802 4483 sp.
818 4419 852 4467 88
863 4415 934 4482 sqq.)
958 4414 1000 4467 ita
1024 4412 1145 4483 egimus,
1168 4416 1201 4467 ut
1224 4431 1295 4481 quse
1315 4413 1422 4482 scripta
1441 4414 1506 4466 sunt
1524 4414 1613 4483 tutari

407 4507 541 4556 mutamur
559 4503 599 4557 sic
619 4502 796 4572 interpretati
815 4502 851 4571 μὴ
871 4505 975 4570 σώματι
995 4507 1058 4566 ζῶσι
1077 4502 1242 4565 πλάττοντες
1257 4506 1304 4571 (sc.
1321 4502 1413 4566 αὐτόλς
1433 4502 1509 4570 quod
1524 4520 1612 4572 genus

407 4577 511 4651 boneudi
534 4595 563 4645 et
585 4595 647 4646 tum
670 4590 860 4660 compluribus
884 4592 1019 4661 exemplis
1041 4595 1070 4646 et
1087 4595 1186 4661 postea
1204 4591 1274 4646 alibi
1293 4609 1387 4646 rursus
1408 4592 1535 4645 stabilire
1554 4594 1611 4645 stn-

408 4668 499 4744 luimus,
517 4698 569 4736 nec
588 4680 691 4736 desunt
709 4680 780 4746 alia3
800 4680 849 4734 sed
868 4679 995 4734 videmur
1009 4681 1115 4735 criticis
1129 4681 1203 4735 hunc
1218 4698 1299 4734 usum
1314 4680 1458 4751 participii
1474 4681 1612 4734 latissime

387 4765 521 4825 ronam
544 4770 664 4839 probare
687 4786 742 4824 nou
766 4786 855 4839 posse.
893 4769 991 4838 ltaque
1010 4768 1150 4823 Usenerus
1169 4787 1280 4839 quoque
1299 4770 1327 4839 (l.
1348 4788 1371 4824 c.
1391 4789 1417 4839 p.
1439 4776 1471 4823 30
1493 4773 1521 4822 et
1541 4774 1611 4837 194),

407 4858 477 4910 lutra
500 4862 680 4929 aspernatus,
708 4875 779 4913 novo
808 4858 977 4912 emendandi
1006 4859 1153 4912 conamine
1181 4858 1307 4913 Platonis
1336 4859 1427 4912 verbis
1451 4876 1611 4913 succurrere

407 4940 492 5011 naluit,
513 4966 577 5003 cum
600 4947 637 5017 μὴ
661 4949 766 5017 σώματι
788 4947 933 5001 πελάται
957 4946 1053 5009 ὄντες
1075 4951 1150 5013 ζῶσι,
1174 4964 1263 5017 paene
1288 4951 1320 5001 ut
1343 4948 1503 5017 Msdsigius
1528 4950 1611 5000 antea

407 5033 587 5103 πλατεύοττες,
605 5037 784 5091 scribendum
803 5040 978 5107 proponeret.
1017 5036 1071 5089 Sed
1090 5036 1143 5090 hoc
1162 5038 1186 5091 si
1205 5036 1338 5092 voluisset
1357 5037 1447 5102 Plato,
1467 5054 1522 5089 non
1541 5039 1610 5100 erat,

408 5117 534 5194 rusum,
552 5126 629 5195 quod
648 5129 698 5180 aut
717 5143 789 5181 nova
808 5132 859 5180 aut
877 5126 1030 5180 insolentia
1050 5127 1208 5191 ascisceret,
1227 5127 1276 5180 sed
1295 5126 1324 5179 in
1343 5128 1475 5195 promptu
1494 5127 1555 5177 erat
1573 5126 1610 5193 μὴ

409 5206 486 5274 ίὄιιοτι
500 5217 680 5277 δουλεύοντες
698 5221 776 5282 ζῶσι,
798 5219 829 5268 ut
848 5234 875 5285 p.
891 5222 965 5279 ηδ
985 5216 1084 5269 scribit
1102 5215 1229 5286 χρήματα
1248 5213 1468 5283 ἀναγκαζόμεθα
1487 5216 1611 5267 κτᾶσθαι

410 5289 442 5347 td
458 5302 484 5355 τδ
502 5313 579 5374 σῶμα
598 5304 778 5368 δουλεύοντες
795 5313 828 5375 τῇ
848 5305 948 5359 τούτου
967 5304 1117 5380 θεραπείᾳ.
1155 5304 1209 5358 Uni
1229 5303 1385 5357 Wohlrabo
1404 5319 1464 5356 sero
1484 5301 1610 5355 videmus

410 5392 444 5437 ¹³⁰⁸
457 5395 624 5457 persuasisse.
