3925 6675
388 1155 454 1220 276
586 1157 697 1206 XLVII.
717 1155 833 1206 INDEX
852 1153 1067 1206 LEOTIONUM
1085 1153 1318 1204 AESTIVARUM
1337 1153 1414 1204 1898.

413 1319 451 1383 11
500 1321 577 1382 ΔΗ.
600 1318 634 1381 τί
654 1314 856 1400 κινυρόμεθ’
878 1316 999 1398 tatem
1023 1315 1084 1380 οὐκ
1109 1313 1208 1399 ἐχρῆν
1231 1318 1338 1398 ζητεῖν
1361 1337 1436 1378 τινα

602 1427 769 1508 σωτηρίαν
792 1430 873 1510 νῷν,
897 1421 981 1487 ἀλλὰ
1004 1423 1048 1506 μὴ
1072 1423 1186 1486 κλάειν
1208 1418 1271 1498 ἔτις

394 1558 398 1564 ·
513 1535 576 1596 ΝΙ.
599 1534 648 1607 τίς
667 1526 731 1595 οὑν
749 1527 878 1613 γένοιτ’
891 1527 985 1616 άν*);
1004 1528 1079 1613 λέγε
1093 1529 1145 1593 σύ.
1166 1531 1241 1592 ΔΗ.
1256 1529 1298 1593 σὺ
1313 1523 1374 1610 μὲν
1388 1521 1451 1591 οὑν
1465 1549 1518 1608 μοι
1537 1523 1622 1607 λέγε.

414 1639 455 1702 14
514 1641 577 1703 ΝΙ.
601 1638 657 1702 ἵνα
680 1639 724 1721 μη
747 1637 909 1721 μάχωμαι.
926 1673 971 1682 -
990 1637 1035 1720 μὰ
1057 1635 1119 1700 τὸν
1135 1631 1279 1700 Ἀπόλλω
1301 1631 1359 1715 ’γὼ
1383 1629 1445 1718 μὲν
1468 1633 1517 1698 οὑ.

414 1745 455 1808 16
599 1755 669 1821 πῶς
692 1742 735 1808 δν
758 1745 801 1808 σύ
823 1766 881 1828 μοι
904 1741 1029 1821 λέξειας
1052 1737 1112 1827 ἁμὲ
1136 1742 1198 1827 χρὴ
1221 1741 1345 1826 λέγειν;

414 1851 455 1916 15
501 1854 578 1917 ΔΗ.
602 1849 680 1916 ἀλλ’
702 1851 773 1916 ecre
795 1856 950 1933 θαρρῶν,
973 1842 1043 1914 εἶτα
1066 1848 1156 1932 κάγδι
1180 1847 1233 1913 σοὶ
1258 1847 1384 1932 φράσω.

414 1958 453 2022 li
514 1961 577 2022 NI.
601 1955 680 2022 ἀλλ’
703 1956 765 2022 οὐκ
787 1953 839 2022 ἔνι
861 1981 918 2041 μοι
942 1957 980 2021 τὸ
1004 1955 1131 2039 θρέττε.

479 2063 588 2148 Atque
602 2063 680 2128 hseo
694 2065 728 2128 in
743 2061 876 2148 Sauppii
892 2063 1003 2128 leudes
1017 2063 1126 2127 eximii
1140 2063 1202 2126 viri
1217 2061 1302 2126 dicte
1320 2064 1425 2127 sunto.
1462 2057 1622 2124 Zseherus

389 2193 465 2237 vero
489 2171 577 2255 quod
599 2170 640 2236 sb
664 2170 776 2236 eodem
799 2168 942 2255 Souppio
962 2167 1060 2256 (Opp.
1081 2167 1158 2256 785)
1184 2168 1387 2233 emendatum
1411 2165 1622 2231 versum‘142

350 2279 425 2344 min
446 2278 509 2343 hoo
532 2283 644 2343 tenore
667 2279 824 2343 sermonis

391 2386 454 2450 741
511 2389 584 2450 ΚΛ.
607 2379 645 2450 εὑ
668 2386 732 2468 γὰρ
755 2395 840 2449 ποιῶ
863 2384 923 2449 τὸν
946 2384 1062 2468 δῆμον.
1087 2387 1190 2447 ΛΛΛ.
1215 2379 1287 2446 είπί
1308 2405 1379 2463 μοι,
1402 2381 1436 2444 τί
1458 2379 1563 2464 δρῶν;

509 2496 578 2556 ΚΛ.
603 2492 621 2556 ὅ
643 2516 690 2569 τις
713 2492 772 2557 τὸν
794 2492 980 2576 στρατηγὸν
1002 2489 1205 2574 ὑποδραμὼν
1228 2491 1306 2565 τοὺς
1329 2487 1364 2552 ἐκ
1388 2488 1523 2564 Πύλου,

604 2599 750 2674 πλεύσας
772 2595 891 2680 ἐκεῖσε,
915 2599 993 2673 τοὺς
1018 2598 1178 2672 Λάκωνας
1201 2597 1336 2679 ἤγαγον.

472 2710 576 2770 ΛΛΛ.
601 2703 665 2788 ἐγὼ
688 2701 725 2770 δὲ
748 2715 939 2788 περιπατῶν
962 2702 999 2786 γ’
1022 2701 1076 2768 ἀπ’
1105 2702 1324 2786 ἐργαστηρίου

393 2811 457 2879 745
605 2811 747 2891 ἕψοντος
770 2809 884 2892 ἑτέρου
907 2812 969 2894 τὴν
992 2811 1117 2894 χύτραν
1140 2809 1325 2893 ὑφειλόμην

391 2921 508 3005 spretis
532 2941 613 3004 quse
636 2921 710 2982 ente
733 2921 889 3001 temptate
912 2921 1002 2982 erent
1025 2915 1175 2982 omnibus
1194 2914 1413 3000 recipiendum
1432 2912 1533 2996 duxit,
1555 2933 1625 2994 nos,

391 3028 452 3092 etsi
474 3027 614 3091 fatemur
636 3024 758 3109 aliquid
782 3024 919 3107 speciosi
941 3045 1011 3088 esse
1035 3024 1068 3088 in
1092 3025 1155 3088 iste
1173 3024 1306 3106 ratione,
1329 3020 1421 3086 valde
1440 3019 1624 3084 dubitamus

392 3132 579 3219 approbare.
616 3131 701 3196 Nem
729 3130 805 3195 licet
831 3151 943 3196 rerum
971 3131 1027 3212 sit,
1060 3132 1120 3194 τὸν
1147 3132 1332 3214 στρατηγόν
1360 3149 1456 3213 quem
1484 3149 1518 3190 se
1546 3126 1624 3192 ὑπο-

392 3242 531 3325 δραμεῖν
559 3239 638 3303 dicit
660 3237 760 3302 Cleon
782 3259 849 3302 non
870 3259 965 3321 posse
987 3239 1051 3302 nisi
1074 3235 1325 3301 Demosthenem
1348 3257 1431 3318 esse,
1459 3238 1491 3300 et
1513 3237 1550 3297 ut
1571 3233 1626 3298 hie

352 3372 379 3413 ιο
392 3341 605 3428 memoretur,
620 3346 660 3410 iis
683 3367 765 3430 quse
789 3349 865 3410 sunt
887 3346 921 3409 in
944 3344 1161 3429 ellantopolse
1179 3364 1333 3429 responso
1353 3340 1492 3419 ἕψοντος
1511 3340 1624 3427 ἑτέρου

392 3458 518 3519 tantum
545 3475 613 3518 non
639 3452 793 3538 flagitari,
819 3452 877 3516 ills
904 3472 1033 3535 quoquo
1062 3473 1143 3535 quse
1169 3450 1281 3516 scribit
1304 3448 1466 3535 Ssuppius
1489 3450 1567 3525 τοὺς
1590 3446 1625 3513 ἐκ

393 3561 513 3626 Πύλου
532 3606 563 3624 ..
582 3562 661 3635 τοὺς
684 3558 845 3635 Λάκωνας
867 3558 1029 3623 similibus
1053 3558 1093 3621 sb
1117 3559 1188 3642 ipso
1213 3558 1332 3641 siletis,
1355 3556 1464 3639 Equit.
1486 3554 1573 3620 1200

514 3670 589 3732 KA.
612 3671 701 3749 οίμοι
724 3667 839 3749 τάλας,
863 3665 986 3741 άδίκως
1009 3687 1046 3747 γε
1070 3662 1144 3748 τᾶμ’
1172 3664 1380 3748 ὑφήρπασας.

479 3777 584 3839 ΑΛΛ.
608 3773 649 3855 νὴ
681 3774 742 3837 τὸν
771 3772 941 3852 Ποσειδῶ,
973 3770 1028 3837 καλ
1062 3774 1104 3837 σὺ
1138 3772 1201 3856 γάρ
1234 3773 1313 3847 τοὺς
1345 3770 1380 3835 ἐκ
1410 3771 1528 3835 Πύλου
1559 3768 1625 3833 soii

1200 3878 1412 3961 ὑφήρπασας,

394 3992 425 4053 et
452 3984 538 4052 Nub.
560 3986 624 4051 186
652 3996 722 4062 τοῖς
749 3985 784 4050 ἐκ
809 3987 928 4052 Πύλου
956 3990 1116 4069 ληφθεῖσι
1144 3994 1213 4060 τοῖς
1238 3988 1461 4065 Λακωνικοῖς,
1490 3980 1626 4063 defendi,

392 4100 501 4160 tumen
523 4094 632 4159 nescio
656 4116 720 4178 quo
744 4097 838 4177 puoto
858 4093 890 4156 iu
909 4094 973 4157 ists
992 4090 1245 4157 conformatione
1264 4111 1333 4154 esse
1352 4090 1516 4167 sentimus,
1540 4086 1626 4173 quod

393 4203 477 4266 mule
495 4200 614 4267 habeut
631 4200 791 4286 legentem
809 4220 869 4263 nec
887 4200 927 4263 iis
946 4198 1057 4263 slbum
1077 4196 1234 4261 calculum
1253 4196 1389 4261 adiicere
1404 4197 1497 4260 sinet.
1527 4192 1625 4259 Istsm

394 4310 480 4373 euim
499 4309 691 4372 sententium
711 4308 739 4371 si
757 4308 931 4390 sequimur,
949 4326 1078 4369 necesse
1097 4308 1147 4369 est
1163 4302 1240 4368 hoec
1256 4302 1353 4367 verbs
1366 4302 1510 4379 πλεύσας
1524 4301 1626 4366 ἐκεῖσε

354 4440 381 4480 ιο
395 4414 627 4500 ooniungsmus
649 4436 722 4478 cum
740 4412 847 4477 verbis
866 4414 927 4477 τὸν
945 4412 1131 4495 στρατηγὸν
1150 4410 1366 4493 ὑποδραμώνι
1391 4411 1511 4493 quippe
1529 4410 1628 4473 πλεύ-

395 4539 455 4598 σας
482 4518 516 4597 dc
540 4522 659 4584 Πύλον
686 4518 740 4583 ille
763 4521 823 4583 τὸν
846 4519 1032 4601 στρατηγὸν
1055 4517 1086 4582 b.
1106 4540 1131 4581 e.
1155 4516 1405 4583 Demosthenem
1429 4514 1627 4601 ὑπέδραμεν,

394 4632 426 4692 et
454 4626 541 4711 quod
563 4628 611 4691 its
632 4625 841 4710 perticipium
864 4624 1035 4709 participio
1059 4625 1297 4708 superadditur,
1319 4626 1480 4688 neminem
1502 4622 1628 4687 Aristo·

395 4732 513 4818 phonei
531 4734 630 4799 moris
649 4753 785 4817 gnarum
804 4731 952 4815 offendet,
971 4732 1028 4815 qui
1046 4732 1098 4795 vel
1116 4732 1194 4795 telis
1212 4730 1346 4815 ferebat,
1364 4731 1457 4815 qualo
1477 4732 1527 4794 est
1540 4752 1569 4793 v.
1584 4728 1627 4795 56

395 4840 649 4924 πανουργότατά
671 4862 741 4915 πως
764 4839 989 4923 παραδραμὼν
1013 4838 1211 4922 ὑφαρπάσας
1234 4838 1333 4913 αὐτὸς
1355 4836 1532 4921 παρεθφιε.
1565 4832 1626 4899 Sed

394 4969 489 5031 posse
512 4946 592 5011 hoec
614 4948 660 5011 ite
681 4947 782 5030 iungi,
805 4950 843 5009 ut
865 4946 1024 5010 sententis
1048 4944 1193 5027 requirit,
1218 4944 1314 5009 etiem
1338 4948 1435 5027 utque
1456 4942 1552 5007 etism
1572 4940 1627 5007 du·

485 5140 531 5211 ⁸³)
551 5138 592 5203 τίς
615 5136 652 5193 δν
674 5136 726 5194 οὖν
749 5134 852 5208 γίνοιτ’
878 5137 916 5194 ἄν
938 5138 989 5207 qui
1008 5137 1167 5209 proposuit,
1186 5136 1334 5207 proposuit
1352 5137 1429 5204 quod
1448 5136 1524 5190 reete
1543 5134 1627 5191 scribi

396 5229 490 5301 potuit
513 5232 546 5284 ut
568 5245 654 5298 suprs
676 5229 707 5282 in
725 5227 810 5297 Vssp.
834 5224 876 5291 τίς
894 5224 930 5282 ἂν
950 5224 1002 5281 οὑν
1021 5226 1063 5296 εἴη
1084 5228 1113 5281 et
1131 5226 1245 5295 Lysistr.
1266 5230 1314 5279 191
1334 5223 1377 5289 τίς
1395 5223 1432 5281 ἂν
1451 5220 1503 5279 οὑν
1522 5220 1625 5295 γένοιτ’

396 5317 433 5373 διν
452 5317 547 5387 ὅρκος,
572 5318 622 5372 sed
644 5318 698 5372 hoc
720 5317 909 5372 necessarium
932 5332 993 5372 esse
1017 5332 1072 5370 non
1096 5316 1187 5386 msgis
1207 5315 1345 5369 credimur
1364 5330 1449 5383 quem
1468 5330 1493 5368 r.
1509 5318 1543 5367 88
1563 5312 1628 5377 ἴσως

396 5408 449 5478 γὰρ
464 5405 502 5463 ἂν
515 5404 636 5479 χρηστόν
649 5426 676 5460 τι
690 5402 907 5478 βονλεοταίμεθ’
924 5404 960 5459 ἄν
974 5410 1036 5475 (pro
1051 5401 1286 5476 βουλευσαίμεθα)
1297 5403 1332 5459 ds
1342 5400 1476 5457 Meinekii
1487 5400 1626 5472 opinione.
