<?xml version="1.0" encoding="UTF-8"?>
<!DOCTYPE html PUBLIC "-//W3C//DTD XHTML 1.0 Transitional//EN"
    "http://www.w3.org/TR/xhtml1/DTD/xhtml1-transitional.dtd">
<html xmlns="http://www.w3.org/1999/xhtml" xml:lang="en" lang="en">
 <head>
  <title>
</title>
<meta http-equiv="Content-Type" content="text/html;charset=utf-8" />
  <meta name='ocr-system' content='tesseract 3.04.00' />
  <meta name='ocr-capabilities' content='ocr_page ocr_carea ocr_par ocr_line ocrx_word'/>
</head>
<body>
  <div class='ocr_page' id='page_1' title='image "./iohannisvahleni01vahlgoog/iohannisvahleni01vahlgoog_0205.png"; bbox 0 0 3925 6675; ppageno 0'>
   <div class='ocr_carea' id='block_1_1' title="bbox 490 1119 1598 1188">
    <p class='ocr_par' dir='ltr' id='par_1_1' title="bbox 490 1119 1598 1188">
     <span class='ocr_line' id='line_1_1' title="bbox 490 1119 1598 1188; baseline 0 -13"><span class='ocrx_word' id='word_1_1' title='bbox 490 1125 542 1176; x_wconf 79' lang='lat' dir='ltr'>DE</span> <span class='ocrx_word' id='word_1_2' title='bbox 559 1125 695 1176; x_wconf 75' lang='lat' dir='ltr'>FORMIS</span> <span class='ocrx_word' id='word_1_3' title='bbox 714 1125 927 1188; x_wconf 75' lang='lat' dir='ltr'><strong>QUIBUSDAM</strong></span> <span class='ocrx_word' id='word_1_4' title='bbox 947 1124 1171 1175; x_wconf 80' lang='lat' dir='ltr'>SENTENTIAE</span> <span class='ocrx_word' id='word_1_5' title='bbox 1191 1123 1478 1175; x_wconf 79' lang='lat' dir='ltr'>COMPARATIVAE.</span> <span class='ocrx_word' id='word_1_6' title='bbox 1536 1119 1598 1186; x_wconf 79' lang='grc'>197</span> 
     </span>
    </p>
   </div>
   <div class='ocr_carea' id='block_1_2' title="bbox 324 1283 1641 5430">
    <p class='ocr_par' dir='ltr' id='par_1_2' title="bbox 359 1283 1602 1582">
     <span class='ocr_line' id='line_1_2' title="bbox 359 1283 1602 1371; baseline -0.002 -21"><span class='ocrx_word' id='word_1_7' title='bbox 359 1285 478 1371; x_wconf 82' lang='lat' dir='ltr'>Neque</span> <span class='ocrx_word' id='word_1_8' title='bbox 501 1285 581 1352; x_wconf 92' lang='lat' dir='ltr'>haec</span> <span class='ocrx_word' id='word_1_9' title='bbox 602 1290 771 1371; x_wconf 86' lang='lat' dir='ltr'>poetarum</span> <span class='ocrx_word' id='word_1_10' title='bbox 793 1284 942 1350; x_wconf 79' lang='lat' dir='ltr'>licentiae</span> <span class='ocrx_word' id='word_1_11' title='bbox 965 1285 1176 1352; x_wconf 88' lang='lat' dir='ltr'>condonanda</span> <span class='ocrx_word' id='word_1_12' title='bbox 1198 1289 1286 1350; x_wconf 87' lang='lat' dir='ltr'>sunt:</span> <span class='ocrx_word' id='word_1_13' title='bbox 1310 1285 1448 1371; x_wconf 79' lang='lat' dir='ltr'>legimus</span> <span class='ocrx_word' id='word_1_14' title='bbox 1471 1304 1537 1348; x_wconf 93' lang='lat' dir='ltr'>non</span> <span class='ocrx_word' id='word_1_15' title='bbox 1555 1283 1602 1348; x_wconf 89' lang='lat' dir='ltr'>ita</span> 
     </span>
     <span class='ocr_line' id='line_1_3' title="bbox 359 1391 1602 1480; baseline -0.002 -22"><span class='ocrx_word' id='word_1_16' title='bbox 359 1392 488 1478; x_wconf 90' lang='lat' dir='ltr'>pridem</span> <span class='ocrx_word' id='word_1_17' title='bbox 506 1394 542 1458; x_wconf 90' lang='lat' dir='ltr'>in</span> <span class='ocrx_word' id='word_1_18' title='bbox 559 1392 758 1480; x_wconf 71' lang='lat' dir='ltr'>pereleganti</span> <span class='ocrx_word' id='word_1_19' title='bbox 777 1391 888 1458; x_wconf 90' lang='lat' dir='ltr'>libello</span> <span class='ocrx_word' id='word_1_20' title='bbox 907 1391 1092 1473; x_wconf 81' lang='lat' dir='ltr'>‘Klopstock</span> <span class='ocrx_word' id='word_1_21' title='bbox 1109 1394 1188 1470; x_wconf 72' lang='lat' dir='ltr'>esre,</span> <span class='ocrx_word' id='word_1_22' title='bbox 1211 1393 1271 1457; x_wconf 80' lang='lat' dir='ltr'>wie</span> <span class='ocrx_word' id='word_1_23' title='bbox 1288 1391 1427 1458; x_wconf 69' lang='lat' dir='ltr'>wcdmtd</span> <span class='ocrx_word' id='word_1_24' title='bbox 1444 1391 1499 1456; x_wconf 82' lang='lat' dir='ltr'>der</span> <span class='ocrx_word' id='word_1_25' title='bbox 1516 1391 1602 1456; x_wconf 81' lang='lat' dir='ltr'>berr-</span> 
     </span>
     <span class='ocr_line' id='line_1_4' title="bbox 360 1497 1602 1582; baseline -0.001 -18"><span class='ocrx_word' id='word_1_26' title='bbox 360 1499 440 1564; x_wconf 72' lang='lat' dir='ltr'>nese</span> <span class='ocrx_word' id='word_1_27' title='bbox 458 1499 579 1579; x_wconf 76' lang='lat' dir='ltr'>Pelide,</span> <span class='ocrx_word' id='word_1_28' title='bbox 594 1499 738 1582; x_wconf 72' lang='lat' dir='ltr'>prodord</span> <span class='ocrx_word' id='word_1_29' title='bbox 755 1500 803 1564; x_wconf 84' lang='lat' dir='ltr'>bei</span> <span class='ocrx_word' id='word_1_30' title='bbox 820 1500 882 1565; x_wconf 84' lang='lat' dir='ltr'>den</span> <span class='ocrx_word' id='word_1_31' title='bbox 899 1499 1060 1581; x_wconf 73' lang='lat' dir='ltr'>Sebiffen&#39;,</span> <span class='ocrx_word' id='word_1_32' title='bbox 1079 1503 1111 1563; x_wconf 90' lang='lat' dir='ltr'>et</span> <span class='ocrx_word' id='word_1_33' title='bbox 1129 1498 1238 1564; x_wconf 86' lang='lat' dir='ltr'>nescio</span> <span class='ocrx_word' id='word_1_34' title='bbox 1258 1500 1330 1582; x_wconf 92' lang='lat' dir='ltr'>quis</span> <span class='ocrx_word' id='word_1_35' title='bbox 1349 1499 1488 1582; x_wconf 82' lang='lat' dir='ltr'>scriptor</span> <span class='ocrx_word' id='word_1_36' title='bbox 1505 1497 1602 1563; x_wconf 84' lang='lat' dir='ltr'>Fran·</span> 
     </span>
    </p>

    <p class='ocr_par' dir='ltr' id='par_1_3' title="bbox 324 1605 1603 1993">
     <span class='ocr_line' id='line_1_5' title="bbox 324 1605 1603 1694; baseline 0.004 -28"><span class='ocrx_word' id='word_1_37' title='bbox 324 1611 347 1667; x_wconf 74' lang='lat'>12</span> <span class='ocrx_word' id='word_1_38' title='bbox 360 1605 540 1694; x_wconf 83' lang='lat' dir='ltr'>cugullicus</span> <span class='ocrx_word' id='word_1_39' title='bbox 569 1628 636 1672; x_wconf 92' lang='lat' dir='ltr'>uon</span> <span class='ocrx_word' id='word_1_40' title='bbox 666 1606 829 1671; x_wconf 83' lang='lat' dir='ltr'>dubitavit</span> <span class='ocrx_word' id='word_1_41' title='bbox 858 1606 998 1672; x_wconf 88' lang='lat' dir='ltr'>scribere</span> <span class='ocrx_word' id='word_1_42' title='bbox 1029 1612 1116 1672; x_wconf 79' lang='lat' dir='ltr'>notre</span> <span class='ocrx_word' id='word_1_43' title='bbox 1141 1608 1253 1671; x_wconf 75' lang='lat' dir='ltr'>nation</span> <span class='ocrx_word' id='word_1_44' title='bbox 1279 1607 1334 1671; x_wconf 84' lang='lat' dir='ltr'>n&#39;o</span> <span class='ocrx_word' id='word_1_45' title='bbox 1354 1627 1419 1687; x_wconf 84' lang='lat' dir='ltr'>pas</span> <span class='ocrx_word' id='word_1_46' title='bbox 1440 1627 1522 1687; x_wconf 74' lang='lat' dir='ltr'>pern</span> <span class='ocrx_word' id='word_1_47' title='bbox 1548 1606 1603 1671; x_wconf 82' lang='lat' dir='ltr'>des</span> 
     </span>
     <span class='ocr_line' id='line_1_6' title="bbox 360 1711 1602 1796; baseline 0.001 -18"><span class='ocrx_word' id='word_1_48' title='bbox 360 1712 499 1778; x_wconf 70' lang='lat' dir='ltr'>domm</span> <span class='ocrx_word' id='word_1_49' title='bbox 521 1734 684 1778; x_wconf 73' lang='lat' dir='ltr'>macces</span> <span class='ocrx_word' id='word_1_50' title='bbox 706 1719 742 1792; x_wconf 81' lang='lat' dir='ltr'>et,</span> <span class='ocrx_word' id='word_1_51' title='bbox 765 1733 880 1779; x_wconf 83' lang='lat' dir='ltr'>comme</span> <span class='ocrx_word' id='word_1_52' title='bbox 899 1711 1042 1795; x_wconf 77' lang='lat' dir='ltr'>Calypso,</span> <span class='ocrx_word' id='word_1_53' title='bbox 1065 1712 1121 1777; x_wconf 84' lang='lat' dir='ltr'>elle</span> <span class='ocrx_word' id='word_1_54' title='bbox 1142 1715 1206 1778; x_wconf 80' lang='lat' dir='ltr'>scit</span> <span class='ocrx_word' id='word_1_55' title='bbox 1227 1733 1260 1778; x_wconf 86' lang='lat' dir='ltr'>sc</span> <span class='ocrx_word' id='word_1_56' title='bbox 1277 1712 1412 1778; x_wconf 78' lang='lat' dir='ltr'>consoler</span> <span class='ocrx_word' id='word_1_57' title='bbox 1431 1713 1473 1776; x_wconf 81' lang='lat' dir='ltr'>de</span> <span class='ocrx_word' id='word_1_58' title='bbox 1492 1713 1602 1796; x_wconf 66' lang='lat' dir='ltr'>deperi</span> 
     </span>
     <span class='ocr_line' id='line_1_7' title="bbox 361 1818 1602 1904; baseline 0.001 -21"><span class='ocrx_word' id='word_1_59' title='bbox 361 1820 522 1904; x_wconf 71' lang='lat' dir='ltr'>d’Ulpsse,</span> <span class='ocrx_word' id='word_1_60' title='bbox 540 1821 791 1904; x_wconf 81' lang='lat' dir='ltr'>comparationis</span> <span class='ocrx_word' id='word_1_61' title='bbox 805 1820 910 1885; x_wconf 80' lang='lat' dir='ltr'>forme</span> <span class='ocrx_word' id='word_1_62' title='bbox 923 1819 1043 1903; x_wconf 88' lang='lat' dir='ltr'>eedem,</span> <span class='ocrx_word' id='word_1_63' title='bbox 1058 1841 1251 1904; x_wconf 87' lang='lat' dir='ltr'>quemqnam</span> <span class='ocrx_word' id='word_1_64' title='bbox 1267 1818 1479 1904; x_wconf 76' lang='lat' dir='ltr'>Calypsonem</span> <span class='ocrx_word' id='word_1_65' title='bbox 1492 1819 1602 1885; x_wconf 90' lang='lat' dir='ltr'>ferunt</span> 
     </span>
     <span class='ocr_line' id='line_1_8' title="bbox 360 1924 1084 1993; baseline -0.004 0"><span class='ocrx_word' id='word_1_66' title='bbox 360 1929 536 1993; x_wconf 72' lang='lat' dir='ltr'>nescivisse</span> <span class='ocrx_word' id='word_1_67' title='bbox 559 1948 594 1992; x_wconf 87' lang='lat' dir='ltr'>se</span> <span class='ocrx_word' id='word_1_68' title='bbox 617 1926 777 1992; x_wconf 87' lang='lat' dir='ltr'>consolari</span> <span class='ocrx_word' id='word_1_69' title='bbox 801 1926 943 1991; x_wconf 87' lang='lat' dir='ltr'>discessu</span> <span class='ocrx_word' id='word_1_70' title='bbox 965 1924 1084 1992; x_wconf 86' lang='lat' dir='ltr'>Ulixis.</span> 
     </span>
    </p>

    <p class='ocr_par' dir='ltr' id='par_1_4' title="bbox 362 2032 1641 2635">
     <span class='ocr_line' id='line_1_9' title="bbox 451 2032 1601 2120; baseline -0.001 -20"><span class='ocrx_word' id='word_1_71' title='bbox 451 2033 515 2100; x_wconf 88' lang='lat' dir='ltr'>His</span> <span class='ocrx_word' id='word_1_72' title='bbox 542 2035 698 2120; x_wconf 83' lang='lat' dir='ltr'>exemplis</span> <span class='ocrx_word' id='word_1_73' title='bbox 727 2034 910 2099; x_wconf 89' lang='lat' dir='ltr'>confirmati</span> <span class='ocrx_word' id='word_1_74' title='bbox 936 2034 1113 2119; x_wconf 91' lang='lat' dir='ltr'>repetimus</span> <span class='ocrx_word' id='word_1_75' title='bbox 1140 2033 1175 2098; x_wconf 92' lang='lat' dir='ltr'>in</span> <span class='ocrx_word' id='word_1_76' title='bbox 1204 2032 1261 2098; x_wconf 92' lang='lat' dir='ltr'>illo</span> <span class='ocrx_word' id='word_1_77' title='bbox 1285 2034 1451 2118; x_wconf 91' lang='lat' dir='ltr'>prooemio</span> <span class='ocrx_word' id='word_1_78' title='bbox 1475 2039 1601 2101; x_wconf 88' lang='lat' dir='ltr'>contro-</span> 
     </span>
     <span class='ocr_line' id='line_1_10' title="bbox 362 2139 1600 2227; baseline 0.003 -24"><span class='ocrx_word' id='word_1_79' title='bbox 362 2141 501 2208; x_wconf 84' lang='lat' dir='ltr'>versiam</span> <span class='ocrx_word' id='word_1_80' title='bbox 528 2146 650 2207; x_wconf 86' lang='lat' dir='ltr'>motam</span> <span class='ocrx_word' id='word_1_81' title='bbox 678 2141 717 2206; x_wconf 92' lang='lat' dir='ltr'>de</span> <span class='ocrx_word' id='word_1_82' title='bbox 741 2139 881 2206; x_wconf 84' lang='lat' dir='ltr'>Senecae</span> <span class='ocrx_word' id='word_1_83' title='bbox 908 2141 1024 2227; x_wconf 73' lang='lat' dir='ltr'>tragici</span> <span class='ocrx_word' id='word_1_84' title='bbox 1047 2140 1193 2206; x_wconf 84' lang='lat' dir='ltr'>versibus</span> <span class='ocrx_word' id='word_1_85' title='bbox 1217 2145 1249 2205; x_wconf 89' lang='lat' dir='ltr'>et</span> <span class='ocrx_word' id='word_1_86' title='bbox 1273 2141 1311 2206; x_wconf 87' lang='lat' dir='ltr'>de</span> <span class='ocrx_word' id='word_1_87' title='bbox 1336 2139 1516 2226; x_wconf 84' lang='lat' dir='ltr'>Claudiani,</span> <span class='ocrx_word' id='word_1_88' title='bbox 1544 2142 1600 2225; x_wconf 90' lang='lat' dir='ltr'>qui</span> 
     </span>
     <span class='ocr_line' id='line_1_11' title="bbox 363 2246 1641 2332; baseline -0.002 -18"><span class='ocrx_word' id='word_1_89' title='bbox 363 2249 439 2332; x_wconf 78' lang='lat' dir='ltr'>quie</span> <span class='ocrx_word' id='word_1_90' title='bbox 463 2247 692 2315; x_wconf 81' lang='lat' dir='ltr'>similitudines</span> <span class='ocrx_word' id='word_1_91' title='bbox 715 2249 749 2312; x_wconf 93' lang='lat' dir='ltr'>in</span> <span class='ocrx_word' id='word_1_92' title='bbox 774 2246 866 2313; x_wconf 88' lang='lat' dir='ltr'>illum</span> <span class='ocrx_word' id='word_1_93' title='bbox 887 2247 1019 2312; x_wconf 91' lang='lat' dir='ltr'>modum</span> <span class='ocrx_word' id='word_1_94' title='bbox 1039 2247 1193 2313; x_wconf 81' lang='lat' dir='ltr'>formatas</span> <span class='ocrx_word' id='word_1_95' title='bbox 1211 2246 1340 2332; x_wconf 85' lang='lat' dir='ltr'>hebent,</span> <span class='ocrx_word' id='word_1_96' title='bbox 1364 2248 1505 2332; x_wconf 92' lang='lat' dir='ltr'>suspicio</span> <span class='ocrx_word' id='word_1_97' title='bbox 1523 2253 1600 2313; x_wconf 84' lang='lat' dir='ltr'>neta</span> <span class='ocrx_word' id='word_1_98' title='bbox 1614 2271 1641 2312; x_wconf 79' lang='lat' dir='ltr'>re</span> 
     </span>
     <span class='ocr_line' id='line_1_12' title="bbox 366 2353 1601 2442; baseline 0 -21"><span class='ocrx_word' id='word_1_99' title='bbox 366 2360 413 2420; x_wconf 85' lang='lat' dir='ltr'>est</span> <span class='ocrx_word' id='word_1_100' title='bbox 439 2377 506 2421; x_wconf 91' lang='lat' dir='ltr'>nou</span> <span class='ocrx_word' id='word_1_101' title='bbox 533 2356 676 2442; x_wconf 81' lang='lat' dir='ltr'>integrus</span> <span class='ocrx_word' id='word_1_102' title='bbox 704 2374 774 2419; x_wconf 88' lang='lat' dir='ltr'>esse</span> <span class='ocrx_word' id='word_1_103' title='bbox 800 2355 976 2419; x_wconf 83' lang='lat' dir='ltr'>sententies</span> <span class='ocrx_word' id='word_1_104' title='bbox 999 2354 1055 2418; x_wconf 86' lang='lat' dir='ltr'>sed</span> <span class='ocrx_word' id='word_1_105' title='bbox 1078 2353 1216 2438; x_wconf 86' lang='lat' dir='ltr'>quedem</span> <span class='ocrx_word' id='word_1_106' title='bbox 1240 2359 1332 2437; x_wconf 86' lang='lat' dir='ltr'>parte</span> <span class='ocrx_word' id='word_1_107' title='bbox 1354 2357 1533 2438; x_wconf 83' lang='lat' dir='ltr'>truncatas,</span> <span class='ocrx_word' id='word_1_108' title='bbox 1561 2354 1601 2421; x_wconf 90' lang='lat' dir='ltr'>de</span> 
     </span>
     <span class='ocr_line' id='line_1_13' title="bbox 368 2458 1600 2547; baseline 0.002 -21"><span class='ocrx_word' id='word_1_109' title='bbox 368 2458 541 2527; x_wconf 74' lang='lat' dir='ltr'>Claudiano</span> <span class='ocrx_word' id='word_1_110' title='bbox 560 2462 658 2527; x_wconf 84' lang='lat' dir='ltr'>etiem</span> <span class='ocrx_word' id='word_1_111' title='bbox 676 2460 740 2525; x_wconf 86' lang='lat' dir='ltr'>alia</span> <span class='ocrx_word' id='word_1_112' title='bbox 758 2461 982 2547; x_wconf 77' lang='lat' dir='ltr'>excogitarunt</span> <span class='ocrx_word' id='word_1_113' title='bbox 1000 2482 1112 2544; x_wconf 89' lang='lat' dir='ltr'>nuper.</span> <span class='ocrx_word' id='word_1_114' title='bbox 1144 2458 1182 2524; x_wconf 91' lang='lat' dir='ltr'>ln</span> <span class='ocrx_word' id='word_1_115' title='bbox 1197 2459 1336 2526; x_wconf 87' lang='lat' dir='ltr'>Hercule</span> <span class='ocrx_word' id='word_1_116' title='bbox 1354 2462 1456 2547; x_wconf 81' lang='lat' dir='ltr'>igitur</span> <span class='ocrx_word' id='word_1_117' title='bbox 1473 2461 1600 2529; x_wconf 79' lang='lat' dir='ltr'>fruente</span> 
     </span>
     <span class='ocr_line' id='line_1_14' title="bbox 370 2567 710 2635; baseline -0.003 -1"><span class='ocrx_word' id='word_1_118' title='bbox 370 2589 439 2634; x_wconf 87' lang='lat' dir='ltr'>cum</span> <span class='ocrx_word' id='word_1_119' title='bbox 461 2567 578 2635; x_wconf 83' lang='lat' dir='ltr'>chorus</span> <span class='ocrx_word' id='word_1_120' title='bbox 601 2573 710 2634; x_wconf 86' lang='lat' dir='ltr'>cantat</span> 
     </span>
    </p>

    <p class='ocr_par' dir='ltr' id='par_1_5' title="bbox 396 2675 1636 5430">
     <span class='ocr_line' id='line_1_15' title="bbox 644 2675 1140 2756; baseline 0 -16"><span class='ocrx_word' id='word_1_121' title='bbox 644 2696 682 2740; x_wconf 85' lang='lat' dir='ltr'>en</span> <span class='ocrx_word' id='word_1_122' title='bbox 703 2675 796 2755; x_wconf 74' lang='lat' dir='ltr'>sne-re</span> <span class='ocrx_word' id='word_1_123' title='bbox 817 2675 907 2740; x_wconf 75' lang='lat' dir='ltr'>hemi</span> <span class='ocrx_word' id='word_1_124' title='bbox 928 2694 1023 2740; x_wconf 83' lang='lat' dir='ltr'>soevo</span> <span class='ocrx_word' id='word_1_125' title='bbox 1042 2676 1140 2756; x_wconf 79' lang='lat' dir='ltr'>feroci</span> 
     </span>
     <span class='ocr_line' id='line_1_16' title="bbox 646 2782 1269 2848; baseline 0.003 -2"><span class='ocrx_word' id='word_1_126' title='bbox 646 2782 738 2847; x_wconf 84' lang='lat' dir='ltr'>corde</span> <span class='ocrx_word' id='word_1_127' title='bbox 759 2782 876 2847; x_wconf 61' lang='lat' dir='ltr'>nolam</span> <span class='ocrx_word' id='word_1_128' title='bbox 898 2783 1040 2847; x_wconf 63' lang='lat' dir='ltr'>somam:</span> <span class='ocrx_word' id='word_1_129' title='bbox 1062 2783 1203 2848; x_wconf 77' lang='lat' dir='ltr'>nondam</span> <span class='ocrx_word' id='word_1_130' title='bbox 1226 2790 1269 2848; x_wconf 82' lang='lat' dir='ltr'>est</span> 
     </span>
     <span class='ocr_line' id='line_1_17' title="bbox 644 2889 1132 2971; baseline 0 -18"><span class='ocrx_word' id='word_1_131' title='bbox 644 2890 727 2953; x_wconf 76' lang='lat' dir='ltr'>tanti</span> <span class='ocrx_word' id='word_1_132' title='bbox 743 2890 843 2970; x_wconf 81' lang='lat' dir='ltr'>pestis</span> <span class='ocrx_word' id='word_1_133' title='bbox 865 2895 1013 2971; x_wconf 66' lang='lat' dir='ltr'>sperata</span> <span class='ocrx_word' id='word_1_134' title='bbox 1036 2889 1132 2966; x_wconf 52' lang='lat' dir='ltr'>meld</span> 
     </span>
     <span class='ocr_line' id='line_1_18' title="bbox 513 2994 1196 3078; baseline 0.003 -18"><span class='ocrx_word' id='word_1_135' title='bbox 513 2994 600 3063; x_wconf 82' lang='lat'>1085</span> <span class='ocrx_word' id='word_1_136' title='bbox 645 2995 809 3077; x_wconf 62' lang='lat' dir='ltr'>elevem</span> <span class='ocrx_word' id='word_1_137' title='bbox 828 2997 922 3078; x_wconf 78' lang='lat' dir='ltr'>proci</span> <span class='ocrx_word' id='word_1_138' title='bbox 944 2995 1063 3062; x_wconf 77' lang='lat' dir='ltr'>lassum</span> <span class='ocrx_word' id='word_1_139' title='bbox 1085 2996 1196 3062; x_wconf 73' lang='lat' dir='ltr'>solisne</span> 
     </span>
     <span class='ocr_line' id='line_1_19' title="bbox 647 3103 1180 3184; baseline 0.004 -17"><span class='ocrx_word' id='word_1_140' title='bbox 647 3103 800 3168; x_wconf 72' lang='lat' dir='ltr'>mondme</span> <span class='ocrx_word' id='word_1_141' title='bbox 822 3108 914 3184; x_wconf 78' lang='lat' dir='ltr'>capnt</span> <span class='ocrx_word' id='word_1_142' title='bbox 936 3104 1059 3184; x_wconf 78' lang='lat' dir='ltr'>qaaerit</span> <span class='ocrx_word' id='word_1_143' title='bbox 1080 3124 1180 3169; x_wconf 74' lang='lat' dir='ltr'>ouem</span> 
     </span>
     <span class='ocr_line' id='line_1_20' title="bbox 638 3210 1177 3292; baseline 0.006 -19"><span class='ocrx_word' id='word_1_144' title='bbox 638 3211 778 3292; x_wconf 83' lang='lat' dir='ltr'>pondere</span> <span class='ocrx_word' id='word_1_145' title='bbox 800 3210 923 3288; x_wconf 71' lang='lat' dir='ltr'>deutra,</span> <span class='ocrx_word' id='word_1_146' title='bbox 947 3216 1031 3275; x_wconf 86' lang='lat' dir='ltr'>motn</span> <span class='ocrx_word' id='word_1_147' title='bbox 1054 3211 1177 3276; x_wconf 83' lang='lat' dir='ltr'>iactans</span> 
     </span>
     <span class='ocr_line' id='line_1_21' title="bbox 644 3316 1291 3385; baseline 0.002 -2"><span class='ocrx_word' id='word_1_148' title='bbox 644 3316 789 3383; x_wconf 65' lang='lat' dir='ltr'>onon</span> <span class='ocrx_word' id='word_1_149' title='bbox 811 3338 900 3383; x_wconf 85' lang='lat' dir='ltr'>veno.</span> <span class='ocrx_word' id='word_1_150' title='bbox 941 3338 1006 3382; x_wconf 84' lang='lat' dir='ltr'>nee</span> <span class='ocrx_word' id='word_1_151' title='bbox 1027 3317 1147 3384; x_wconf 77' lang='lat' dir='ltr'>adhuc</span> <span class='ocrx_word' id='word_1_152' title='bbox 1168 3339 1291 3385; x_wconf 83' lang='lat' dir='ltr'>omnes</span> 
     </span>
     <span class='ocr_line' id='line_1_22' title="bbox 644 3424 1263 3508; baseline 0 -19"><span class='ocrx_word' id='word_1_153' title='bbox 644 3424 789 3506; x_wconf 74' lang='lat' dir='ltr'>expulit</span> <span class='ocrx_word' id='word_1_154' title='bbox 811 3430 948 3503; x_wconf 79' lang='lat' dir='ltr'>aestus,</span> <span class='ocrx_word' id='word_1_155' title='bbox 971 3425 1036 3491; x_wconf 84' lang='lat' dir='ltr'>sed</span> <span class='ocrx_word' id='word_1_156' title='bbox 1056 3431 1095 3490; x_wconf 83' lang='lat' dir='ltr'>nt</span> <span class='ocrx_word' id='word_1_157' title='bbox 1118 3427 1263 3508; x_wconf 80' lang='lat' dir='ltr'>inpenti</span> 
     </span>
     <span class='ocr_line' id='line_1_23' title="bbox 514 3530 1183 3615; baseline 0.003 -19"><span class='ocrx_word' id='word_1_158' title='bbox 514 3530 602 3598; x_wconf 88' lang='grc'>1090</span> <span class='ocrx_word' id='word_1_159' title='bbox 646 3536 781 3596; x_wconf 77' lang='lat' dir='ltr'>vexata</span> <span class='ocrx_word' id='word_1_160' title='bbox 803 3537 887 3597; x_wconf 80' lang='lat' dir='ltr'>noto</span> <span class='ocrx_word' id='word_1_161' title='bbox 909 3537 1034 3597; x_wconf 81' lang='lat' dir='ltr'>servat</span> <span class='ocrx_word' id='word_1_162' title='bbox 1056 3532 1183 3615; x_wconf 81' lang='lat' dir='ltr'>lonpos</span> 
     </span>
     <span class='ocr_line' id='line_1_24' title="bbox 644 3637 1230 3705; baseline 0.002 -1"><span class='ocrx_word' id='word_1_163' title='bbox 644 3638 747 3704; x_wconf 78' lang='lat' dir='ltr'>neda</span> <span class='ocrx_word' id='word_1_164' title='bbox 769 3637 951 3703; x_wconf 80' lang='lat' dir='ltr'>tnnsnltns</span> <span class='ocrx_word' id='word_1_165' title='bbox 972 3644 1006 3703; x_wconf 85' lang='lat' dir='ltr'>et</span> <span class='ocrx_word' id='word_1_166' title='bbox 1028 3640 1104 3704; x_wconf 81' lang='lat' dir='ltr'>inm</span> <span class='ocrx_word' id='word_1_167' title='bbox 1126 3646 1230 3705; x_wconf 85' lang='lat' dir='ltr'>vento</span> 
     </span>
     <span class='ocr_line' id='line_1_25' title="bbox 643 3750 944 3810; baseline 0.003 -1"><span class='ocrx_word' id='word_1_168' title='bbox 643 3751 810 3810; x_wconf 83' lang='lat' dir='ltr'>cessante</span> <span class='ocrx_word' id='word_1_169' title='bbox 831 3750 944 3810; x_wconf 80' lang='lat' dir='ltr'>temet</span> 
     </span>
     <span class='ocr_line' id='line_1_26' title="bbox 396 3839 1597 3941; baseline 0.008 -31"><span class='ocrx_word' id='word_1_170' title='bbox 396 3839 477 3913; x_wconf 82' lang='lat' dir='ltr'>iniis</span> <span class='ocrx_word' id='word_1_171' title='bbox 496 3852 645 3917; x_wconf 83' lang='lat' dir='ltr'>extremis</span> <span class='ocrx_word' id='word_1_172' title='bbox 667 3872 734 3916; x_wconf 92' lang='lat' dir='ltr'>non</span> <span class='ocrx_word' id='word_1_173' title='bbox 756 3850 938 3917; x_wconf 83' lang='lat' dir='ltr'>accedimus</span> <span class='ocrx_word' id='word_1_174' title='bbox 961 3851 1003 3916; x_wconf 89' lang='lat' dir='ltr'>iis</span> <span class='ocrx_word' id='word_1_175' title='bbox 1026 3854 1083 3936; x_wconf 91' lang='lat' dir='ltr'>qui</span> <span class='ocrx_word' id='word_1_176' title='bbox 1105 3852 1229 3937; x_wconf 85' lang='lat' dir='ltr'>aliquid</span> <span class='ocrx_word' id='word_1_177' title='bbox 1253 3854 1426 3920; x_wconf 86' lang='lat' dir='ltr'>desiderari</span> <span class='ocrx_word' id='word_1_178' title='bbox 1446 3855 1508 3920; x_wconf 88' lang='lat' dir='ltr'>sibi</span> <span class='ocrx_word' id='word_1_179' title='bbox 1527 3878 1597 3941; x_wconf 89' lang='lat' dir='ltr'>per-</span> 
     </span>
     <span class='ocr_line' id='line_1_27' title="bbox 397 3958 1596 4045; baseline 0.006 -24"><span class='ocrx_word' id='word_1_180' title='bbox 397 3962 544 4042; x_wconf 65' lang='lat' dir='ltr'>ant3</span> <span class='ocrx_word' id='word_1_181' title='bbox 572 3980 654 4042; x_wconf 90' lang='lat' dir='ltr'>quae</span> <span class='ocrx_word' id='word_1_182' title='bbox 678 3958 763 4022; x_wconf 91' lang='lat' dir='ltr'>euim</span> <span class='ocrx_word' id='word_1_183' title='bbox 786 3959 916 4043; x_wconf 88' lang='lat' dir='ltr'>proprie</span> <span class='ocrx_word' id='word_1_184' title='bbox 939 3958 977 4024; x_wconf 91' lang='lat' dir='ltr'>de</span> <span class='ocrx_word' id='word_1_185' title='bbox 1001 3959 1088 4024; x_wconf 86' lang='lat' dir='ltr'>uude</span> <span class='ocrx_word' id='word_1_186' title='bbox 1111 3959 1276 4045; x_wconf 88' lang='lat' dir='ltr'>dicuntur,</span> <span class='ocrx_word' id='word_1_187' title='bbox 1298 3961 1408 4027; x_wconf 85' lang='lat' dir='ltr'>eadem</span> <span class='ocrx_word' id='word_1_188' title='bbox 1432 3962 1596 4028; x_wconf 87' lang='lat' dir='ltr'>valentin</span> 
     </span>
     <span class='ocr_line' id='line_1_28' title="bbox 397 4048 1597 4148; baseline 0.008 -22"><span class='ocrx_word' id='word_1_189' title='bbox 397 4048 544 4148; x_wconf 78' lang='lat' dir='ltr'>Herculem,</span> <span class='ocrx_word' id='word_1_190' title='bbox 562 4066 619 4148; x_wconf 88' lang='lat' dir='ltr'>qui</span> <span class='ocrx_word' id='word_1_191' title='bbox 636 4065 778 4129; x_wconf 81' lang='lat' dir='ltr'>nendum</span> <span class='ocrx_word' id='word_1_192' title='bbox 796 4085 902 4130; x_wconf 78' lang='lat' dir='ltr'>ornnes</span> <span class='ocrx_word' id='word_1_193' title='bbox 919 4065 1038 4147; x_wconf 75' lang='lat' dir='ltr'>eepntit</span> <span class='ocrx_word' id='word_1_194' title='bbox 1056 4073 1159 4132; x_wconf 69' lang='lat' dir='ltr'>antes</span> <span class='ocrx_word' id='word_1_195' title='bbox 1176 4069 1231 4133; x_wconf 87' lang='lat' dir='ltr'>sed</span> <span class='ocrx_word' id='word_1_196' title='bbox 1247 4074 1283 4133; x_wconf 83' lang='lat' dir='ltr'>nt</span> <span class='ocrx_word' id='word_1_197' title='bbox 1299 4070 1388 4133; x_wconf 78' lang='lat' dir='ltr'>endo</span> <span class='ocrx_word' id='word_1_198' title='bbox 1401 4075 1472 4135; x_wconf 82' lang='lat' dir='ltr'>noto</span> <span class='ocrx_word' id='word_1_199' title='bbox 1485 4076 1597 4135; x_wconf 78' lang='lat' dir='ltr'>cerata</span> 
     </span>
     <span class='ocr_line' id='line_1_29' title="bbox 397 4171 1596 4260; baseline 0.008 -29"><span class='ocrx_word' id='word_1_200' title='bbox 397 4173 470 4231; x_wconf 61' lang='lat' dir='ltr'>met</span> <span class='ocrx_word' id='word_1_201' title='bbox 491 4171 639 4237; x_wconf 66' lang='lat' dir='ltr'>tenendus</span> <span class='ocrx_word' id='word_1_202' title='bbox 665 4173 760 4236; x_wconf 78' lang='lat' dir='ltr'>etiam</span> <span class='ocrx_word' id='word_1_203' title='bbox 782 4178 917 4237; x_wconf 76' lang='lat' dir='ltr'>cessante</span> <span class='ocrx_word' id='word_1_204' title='bbox 938 4178 1034 4238; x_wconf 72' lang='lat' dir='ltr'>emto.</span> <span class='ocrx_word' id='word_1_205' title='bbox 1072 4171 1196 4249; x_wconf 89' lang='lat' dir='ltr'>Quibus</span> <span class='ocrx_word' id='word_1_206' title='bbox 1220 4176 1276 4258; x_wconf 92' lang='lat' dir='ltr'>qui</span> <span class='ocrx_word' id='word_1_207' title='bbox 1300 4174 1487 4259; x_wconf 89' lang='lat' dir='ltr'>contulerit,</span> <span class='ocrx_word' id='word_1_208' title='bbox 1515 4197 1596 4260; x_wconf 86' lang='lat' dir='ltr'>quae</span> 
     </span>
     <span class='ocr_line' id='line_1_30' title="bbox 398 4270 1530 4369; baseline 0.011 -35"><span class='ocrx_word' id='word_1_209' title='bbox 398 4270 496 4341; x_wconf 77' lang='lat' dir='ltr'>endem</span> <span class='ocrx_word' id='word_1_210' title='bbox 518 4280 552 4344; x_wconf 88' lang='lat' dir='ltr'>in</span> <span class='ocrx_word' id='word_1_211' title='bbox 575 4278 769 4344; x_wconf 87' lang='lat' dir='ltr'>sententiam</span> <span class='ocrx_word' id='word_1_212' title='bbox 792 4278 827 4342; x_wconf 92' lang='lat' dir='ltr'>in</span> <span class='ocrx_word' id='word_1_213' title='bbox 850 4276 990 4343; x_wconf 88' lang='lat' dir='ltr'>Hercule</span> <span class='ocrx_word' id='word_1_214' title='bbox 1013 4277 1133 4344; x_wconf 79' lang='lat' dir='ltr'>Oetaeo</span> <span class='ocrx_word' id='word_1_215' title='bbox 1157 4280 1309 4347; x_wconf 84' lang='lat' dir='ltr'>Deianira</span> <span class='ocrx_word' id='word_1_216' title='bbox 1333 4282 1411 4347; x_wconf 90' lang='lat' dir='ltr'>dicit</span> <span class='ocrx_word' id='word_1_217' title='bbox 1435 4280 1530 4369; x_wconf 79' lang='lat'>(710)</span> 
     </span>
     <span class='ocr_line' id='line_1_31' title="bbox 574 4385 1636 4468; baseline 0.002 -19"><span class='ocrx_word' id='word_1_218' title='bbox 574 4390 608 4449; x_wconf 75' lang='lat' dir='ltr'>nt</span> <span class='ocrx_word' id='word_1_219' title='bbox 628 4385 750 4466; x_wconf 74' lang='lat' dir='ltr'>fractus</span> <span class='ocrx_word' id='word_1_220' title='bbox 772 4390 878 4451; x_wconf 69' lang='lat' dir='ltr'>caeno</span> <span class='ocrx_word' id='word_1_221' title='bbox 894 4391 1013 4467; x_wconf 69' lang='lat' dir='ltr'>poenes</span> <span class='ocrx_word' id='word_1_222' title='bbox 1034 4388 1206 4453; x_wconf 75' lang='lat' dir='ltr'>etiamnum</span> <span class='ocrx_word' id='word_1_223' title='bbox 1229 4395 1335 4468; x_wconf 80' lang='lat' dir='ltr'>tnnset,</span> <span class='ocrx_word' id='word_1_224' title='bbox 1609 4410 1636 4451; x_wconf 83' lang='lat' dir='ltr'>so</span> 
     </span>
     <span class='ocr_line' id='line_1_32' title="bbox 572 4492 1282 4575; baseline 0.008 -21"><span class='ocrx_word' id='word_1_225' title='bbox 572 4494 718 4575; x_wconf 69' lang='lat' dir='ltr'>qrusmms</span> <span class='ocrx_word' id='word_1_226' title='bbox 739 4493 876 4573; x_wconf 76' lang='lat' dir='ltr'>quiescat</span> <span class='ocrx_word' id='word_1_227' title='bbox 897 4492 1060 4575; x_wconf 64' lang='lat' dir='ltr'>tumidis</span> <span class='ocrx_word' id='word_1_228' title='bbox 1081 4497 1181 4560; x_wconf 80' lang='lat' dir='ltr'>ventis</span> <span class='ocrx_word' id='word_1_229' title='bbox 1202 4495 1282 4574; x_wconf 81' lang='lat' dir='ltr'>dies,</span> 
     </span>
     <span class='ocr_line' id='line_1_33' title="bbox 575 4599 1269 4682; baseline 0.009 -19"><span class='ocrx_word' id='word_1_230' title='bbox 575 4602 621 4663; x_wconf 75' lang='lat' dir='ltr'>isa</span> <span class='ocrx_word' id='word_1_231' title='bbox 644 4618 731 4664; x_wconf 74' lang='lat' dir='ltr'>meres</span> <span class='ocrx_word' id='word_1_232' title='bbox 753 4599 855 4664; x_wconf 69' lang='lat' dir='ltr'>edisne</span> <span class='ocrx_word' id='word_1_233' title='bbox 876 4605 1006 4665; x_wconf 65' lang='lat' dir='ltr'>cecam</span> <span class='ocrx_word' id='word_1_234' title='bbox 1027 4620 1151 4667; x_wconf 60' lang='lat' dir='ltr'>menno</span> <span class='ocrx_word' id='word_1_235' title='bbox 1174 4607 1269 4682; x_wconf 60' lang='lat' dir='ltr'>man,</span> 
     </span>
     <span class='ocr_line' id='line_1_34' title="bbox 401 4705 1595 4795; baseline 0.007 -27"><span class='ocrx_word' id='word_1_236' title='bbox 401 4706 457 4768; x_wconf 59' lang='lat' dir='ltr'>lust</span> <span class='ocrx_word' id='word_1_237' title='bbox 473 4705 560 4785; x_wconf 86' lang='lat' dir='ltr'>plene</span> <span class='ocrx_word' id='word_1_238' title='bbox 583 4709 634 4769; x_wconf 92' lang='lat' dir='ltr'>est</span> <span class='ocrx_word' id='word_1_239' title='bbox 657 4708 864 4789; x_wconf 84' lang='lat' dir='ltr'>comparatio,</span> <span class='ocrx_word' id='word_1_240' title='bbox 886 4727 953 4770; x_wconf 92' lang='lat' dir='ltr'>non</span> <span class='ocrx_word' id='word_1_241' title='bbox 976 4712 1013 4771; x_wconf 88' lang='lat' dir='ltr'>ut</span> <span class='ocrx_word' id='word_1_242' title='bbox 1036 4708 1092 4772; x_wconf 89' lang='lat' dir='ltr'>ille</span> <span class='ocrx_word' id='word_1_243' title='bbox 1116 4712 1294 4794; x_wconf 84' lang='lat' dir='ltr'>contracta,</span> <span class='ocrx_word' id='word_1_244' title='bbox 1316 4711 1411 4795; x_wconf 87' lang='lat' dir='ltr'>plane</span> <span class='ocrx_word' id='word_1_245' title='bbox 1435 4713 1512 4795; x_wconf 91' lang='lat' dir='ltr'>quid</span> <span class='ocrx_word' id='word_1_246' title='bbox 1536 4713 1595 4776; x_wconf 88' lang='lat' dir='ltr'>dif-</span> 
     </span>
     <span class='ocr_line' id='line_1_35' title="bbox 401 4790 1595 4897; baseline 0.008 -24"><span class='ocrx_word' id='word_1_247' title='bbox 401 4790 516 4874; x_wconf 59' lang='lat' dir='ltr'>ferentino</span> <span class='ocrx_word' id='word_1_248' title='bbox 541 4812 719 4878; x_wconf 77' lang='lat' dir='ltr'>intercedat</span> <span class='ocrx_word' id='word_1_249' title='bbox 744 4814 924 4897; x_wconf 88' lang='lat' dir='ltr'>perspicere</span> <span class='ocrx_word' id='word_1_250' title='bbox 951 4815 1080 4897; x_wconf 84' lang='lat' dir='ltr'>poterit.</span> <span class='ocrx_word' id='word_1_251' title='bbox 1118 4814 1313 4882; x_wconf 80' lang='lat' dir='ltr'>Claudianus</span> <span class='ocrx_word' id='word_1_252' title='bbox 1336 4824 1444 4885; x_wconf 85' lang='lat' dir='ltr'>autem</span> <span class='ocrx_word' id='word_1_253' title='bbox 1467 4821 1501 4884; x_wconf 95' lang='lat' dir='ltr'>in</span> <span class='ocrx_word' id='word_1_254' title='bbox 1523 4842 1595 4883; x_wconf 89' lang='lat' dir='ltr'>nar-</span> 
     </span>
     <span class='ocr_line' id='line_1_36' title="bbox 402 4907 1593 5006; baseline 0.018 -39"><span class='ocrx_word' id='word_1_255' title='bbox 402 4907 472 4974; x_wconf 78' lang='lat' dir='ltr'>rudo</span> <span class='ocrx_word' id='word_1_256' title='bbox 489 4924 579 5003; x_wconf 85' lang='lat' dir='ltr'>raptu</span> <span class='ocrx_word' id='word_1_257' title='bbox 601 4917 813 5002; x_wconf 83' lang='lat' dir='ltr'>Proserpinae</span> <span class='ocrx_word' id='word_1_258' title='bbox 835 4919 877 5006; x_wconf 89' lang='lat'>(11</span> <span class='ocrx_word' id='word_1_259' title='bbox 896 4919 962 4984; x_wconf 79' lang='lat'>204</span> <span class='ocrx_word' id='word_1_260' title='bbox 976 4920 1061 5006; x_wconf 87' lang='lat' dir='ltr'>sqq.)</span> <span class='ocrx_word' id='word_1_261' title='bbox 1085 4943 1157 4987; x_wconf 88' lang='lat' dir='ltr'>cum</span> <span class='ocrx_word' id='word_1_262' title='bbox 1181 4922 1261 4988; x_wconf 87' lang='lat' dir='ltr'>haee</span> <span class='ocrx_word' id='word_1_263' title='bbox 1284 4925 1371 4991; x_wconf 84' lang='lat' dir='ltr'>dicet</span> <span class='ocrx_word' id='word_1_264' title='bbox 1394 4926 1432 4989; x_wconf 93' lang='lat' dir='ltr'>de</span> <span class='ocrx_word' id='word_1_265' title='bbox 1456 4925 1593 4990; x_wconf 89' lang='lat' dir='ltr'>Plutone</span> 
     </span>
     <span class='ocr_line' id='line_1_37' title="bbox 526 5025 1375 5113; baseline 0.011 -24"><span class='ocrx_word' id='word_1_266' title='bbox 526 5025 698 5108; x_wconf 73' lang='lat' dir='ltr'>diffnpinnt</span> <span class='ocrx_word' id='word_1_267' title='bbox 721 5026 892 5109; x_wconf 77' lang='lat' dir='ltr'>nymphae:</span> <span class='ocrx_word' id='word_1_268' title='bbox 914 5029 1041 5109; x_wconf 68' lang='lat' dir='ltr'>rapitur</span> <span class='ocrx_word' id='word_1_269' title='bbox 1064 5028 1258 5113; x_wconf 76' lang='lat' dir='ltr'>Proserpina</span> <span class='ocrx_word' id='word_1_270' title='bbox 1281 5052 1375 5099; x_wconf 81' lang='lat' dir='ltr'>curru</span> 
     </span>
     <span class='ocr_line' id='line_1_38' title="bbox 435 5114 1328 5217; baseline 0.011 -23"><span class='ocrx_word' id='word_1_271' title='bbox 435 5114 482 5186; x_wconf 71' lang='lat'>205</span> <span class='ocrx_word' id='word_1_272' title='bbox 522 5131 723 5215; x_wconf 77' lang='lat' dir='ltr'>imploratque</span> <span class='ocrx_word' id='word_1_273' title='bbox 745 5134 827 5198; x_wconf 81' lang='lat' dir='ltr'>dees.</span> <span class='ocrx_word' id='word_1_274' title='bbox 864 5135 932 5198; x_wconf 74' lang='lat' dir='ltr'>som</span> <span class='ocrx_word' id='word_1_275' title='bbox 958 5134 1114 5217; x_wconf 73' lang='lat' dir='ltr'>Geryonis</span> <span class='ocrx_word' id='word_1_276' title='bbox 1135 5157 1193 5201; x_wconf 85' lang='lat' dir='ltr'>era</span> <span class='ocrx_word' id='word_1_277' title='bbox 1214 5138 1328 5204; x_wconf 76' lang='lat' dir='ltr'>revelat</span> 
     </span>
     <span class='ocr_line' id='line_1_39' title="bbox 524 5237 1172 5321; baseline 0.009 -18"><span class='ocrx_word' id='word_1_278' title='bbox 524 5237 635 5304; x_wconf 79' lang='lat' dir='ltr'>Pullos</span> <span class='ocrx_word' id='word_1_279' title='bbox 656 5246 685 5305; x_wconf 75' lang='lat' dir='ltr'>et</span> <span class='ocrx_word' id='word_1_280' title='bbox 709 5241 822 5305; x_wconf 76' lang='lat' dir='ltr'>intento</span> <span class='ocrx_word' id='word_1_281' title='bbox 843 5241 974 5321; x_wconf 73' lang='lat' dir='ltr'>festinat</span> <span class='ocrx_word' id='word_1_282' title='bbox 995 5240 1092 5307; x_wconf 81' lang='lat' dir='ltr'>Delio</span> <span class='ocrx_word' id='word_1_283' title='bbox 1114 5244 1172 5309; x_wconf 74' lang='lat' dir='ltr'>telo</span> 
     </span>
     <span class='ocr_line' id='line_1_40' title="bbox 523 5347 1389 5430; baseline 0.009 -19"><span class='ocrx_word' id='word_1_284' title='bbox 523 5365 575 5411; x_wconf 83' lang='lat' dir='ltr'>nec</span> <span class='ocrx_word' id='word_1_285' title='bbox 589 5353 708 5430; x_wconf 77' lang='lat' dir='ltr'>patnw</span> <span class='ocrx_word' id='word_1_286' title='bbox 730 5347 857 5412; x_wconf 70' lang='lat' dir='ltr'>cedent:</span> <span class='ocrx_word' id='word_1_287' title='bbox 879 5348 1021 5414; x_wconf 77' lang='lat' dir='ltr'>stimulat</span> <span class='ocrx_word' id='word_1_288' title='bbox 1044 5353 1217 5416; x_wconf 72' lang='lat' dir='ltr'>commanis</span> <span class='ocrx_word' id='word_1_289' title='bbox 1238 5354 1274 5417; x_wconf 80' lang='lat' dir='ltr'>in</span> <span class='ocrx_word' id='word_1_290' title='bbox 1297 5373 1389 5418; x_wconf 84' lang='lat' dir='ltr'>arma</span> 
     </span>
    </p>
   </div>
   <div class='ocr_carea' id='block_1_3' title="bbox 0 0 1995 6675">
    <p class='ocr_par' dir='ltr' id='par_1_6' title="bbox 0 0 1995 6675">
     <span class='ocr_line' id='line_1_41' title="bbox 0 0 1995 6675; baseline 0 0"><span class='ocrx_word' id='word_1_291' title='bbox 0 0 1995 6675; x_wconf 95' lang='lat' dir='ltr'> </span> 
     </span>
    </p>
   </div>
  </div>
 </body>
</html>
