3925 6675
725 1112 775 1162 DE
793 1111 994 1163 THEOCRITI
1011 1113 1162 1164 IDYLLIO
1182 1113 1242 1164 VII.

687 1273 736 1338 Es
759 1275 799 1338 ist
820 1275 872 1338 ein
895 1273 1011 1338 Setaea
1030 1274 1179 1357 pesullea,

689 1379 784 1446 Derm
806 1400 838 1446 es
861 1382 902 1446 ist
923 1380 1001 1446 noct
1023 1381 1110 1446 nicltt
1130 1382 1202 1446 Zeit

687 1486 776 1554 Dosa
796 1509 857 1552 υοιι
879 1489 939 1553 δια
961 1487 1124 1553 Βίάνιίιίιι
1147 1488 1231 1553 allen

694 1595 767 1661 Wir
788 1595 912 1660 werdon
933 1577 1173 1682 tochedreutfl.

361 1701 582 1778 Quamobrem
606 1700 778 1767 Theocrito
801 1703 1019 1787 relinquamus
1043 1701 1123 1767 illud
1148 1724 1241 1767 suum
1265 1703 1347 1787 χιὼν
1371 1703 1414 1780 ὥς
1437 1726 1487 1779 τις
1509 1726 1602 1768 κατε-

360 1810 495 1890 τάτιιτο,
524 1809 611 1892 quod
638 1808 850 1895 intelligimus
874 1830 970 1893 quam
994 1808 1057 1873 late
1081 1812 1245 1894 patentem
1269 1810 1426 1874 rationem
1450 1815 1604 1894 sequatur

362 1920 394 1980 et
422 1938 523 2000 quam
551 1918 717 1980 attenuata
742 1937 804 1980 usu
831 1915 881 1978 vis
909 1915 953 1979 sit
977 1914 1078 1980 additi
1102 1917 1318 2000 pronominis,
1345 1916 1400 1980 rix
1423 1920 1460 1981 ut
1482 1917 1602 1982 incom-

362 2023 498 2088 modum
523 2025 682 2088 sentiatur
703 2021 813 2087 ullum.

451 2216 604 2284 Alterum
618 2219 657 2283 de
672 2239 737 2303 quo
751 2218 845 2282 nobis
859 2218 956 2283 iidem
970 2239 1082 2282 versus
1097 2217 1273 2283 disserendi
1288 2222 1453 2285 materiam
1464 2221 1602 2285 afferunt
1616 2259 1644 2300 ι,

362 2325 580 2390 conformatio
599 2329 650 2390 est
662 2326 839 2390 sententiae
853 2326 1102 2409 comparativae3
1122 2325 1160 2390 de
1179 2348 1242 2410 quo
1258 2348 1373 2412 genere
1388 2327 1422 2391 in
1435 2330 1602 2410 prooemio

362 2436 441 2497 aest
461 2455 489 2496 a.
510 2431 598 2497 1885
618 2431 666 2518 (P
685 2450 698 2495 1
717 2455 747 2516 p.
767 2430 899 2517 Ἆλιν.)
921 2430 1078 2496 nonnulla
1101 2435 1249 2517 exposita
1271 2437 1360 2517 sunt,
1388 2434 1445 2498 sed
1468 2457 1505 2498 ea
1527 2434 1604 2498 licet

361 2539 492 2625 plenius
516 2543 550 2604 et
572 2539 607 2603 in
625 2538 816 2623 quibusdam
836 2539 1017 2604 accuratius
1035 2541 1193 2624 persequi.
1232 2539 1482 2606 Similitudinem
1501 2543 1604 2628 igitur

363 2669 382 2711 a
409 2647 609 2730 liquescente
636 2645 710 2710 nive
737 2646 778 2710 ad
805 2645 1021 2711 tabescentem
1050 2646 1214 2711 hominem
1243 2647 1430 2712 translatam
1460 2669 1532 2712 cum
1558 2649 1604 2712 ita

363 2755 478 2819 efferat
499 2752 692 2818 Theocritus

913 2861 958 2937 ὡς
981 2861 1080 2940 δρύες
1103 2860 1207 2926 αὐτὸν
1230 2858 1398 2945 ἐθρήνουν

500 2961 574 3032 εὖτε
597 2968 679 3051 χιὼν
703 2967 746 3043 ὥς
768 2991 818 3044 τις
841 2967 1076 3032 κατοτάκετο
1099 2969 1228 3049 μακρὸν
1250 2966 1311 3051 ὑφ’
1338 2957 1447 3051 Αἷμον

366 3080 503 3159 apparet
530 3096 603 3139 eum
632 3095 697 3138 uno
724 3074 822 3138 verbo
846 3074 1034 3139 defunctum
1062 3096 1131 3139 esse
1155 3096 1227 3140 cum
1250 3078 1361 3158 posset
1383 3096 1502 3159 ponere
1526 3074 1603 3159 du03

366 3203 440 3247 nam
464 3181 626 3246 sententia
648 3182 727 3245 haec
745 3185 796 3246 est
813 3182 911 3263 δρύες
929 3180 1034 3247 αὐτὸν
1052 3180 1231 3265 ἐθρήνουν,
1255 3175 1329 3246 εὖτε
1347 3182 1540 3246 κατετάκετο
1560 3182 1603 3258 ὡς

366 3291 449 3374 χιών
472 3313 522 3367 τις
543 3289 759 3354 κατατάττεται
782 3286 840 3372 ὑφ’
869 3278 989 3373 Αἶμον,
1013 3288 1187 3354 sedunum
1207 3288 1292 3374 quod
1311 3288 1422 3373 posuit
1441 3310 1514 3354 cum
1532 3310 1602 3353 nar·
1616 3312 1644 3354 ιο

367 3397 485 3461 rationi
512 3396 645 3461 adderet
666 3396 837 3461 collocarit
859 3400 965 3461 tamen
990 3395 1082 3479 quasi
1105 3418 1204 3461 unum
1229 3396 1350 3481 duplici
1373 3395 1482 3461 officio
1506 3397 1604 3461 inser-

369 3504 458 3567 viens
485 3505 520 3568 in
546 3503 652 3568 media
680 3504 841 3569 sententia
867 3503 1094 3587 comparativa
1131 3501 1182 3566 Ad
1211 3503 1348 3568 eundem
1373 3504 1507 3567 modum
1530 3524 1603 3568 con-

372 3610 505 3675 formata
528 3612 725 3694 comparatio
748 3610 855 3675 estin
880 3610 994 3693 idyllio
1020 3610 1071 3694 12,
1090 3610 1110 3674 8
1402 3692 1404 3694 Ι

502 3721 626 3783 τόσσον
647 3713 697 3801 ἔμ’
725 3717 895 3801 εὔφρανας
918 3719 959 3781 τὺ
984 3720 1116 3801 φανείς,
1140 3718 1277 3802 σκιερὰν
1300 3714 1329 3782 δ’
1357 3716 1423 3782 ὑπὸ
1447 3720 1558 3802 φαμόν

501 3824 617 3889 ἀελίου
640 3824 831 3908 φρύγοντος
854 3823 1030 3906 δδοιαόρος
1053 3820 1227 3907 ἔδραμον
1250 3824 1294 3901 ὥς
1317 3848 1377 3901 τις.

378 3926 493 4015 Nempe
509 3930 548 3995 de
562 3952 597 3994 se
610 3929 666 3995 ille
680 3929 760 3997 dicit
774 3932 911 4013 σκιερὰν
925 3929 991 3995 ὑπὸ
1006 3932 1117 4013 φαγὸν
1131 3930 1245 3996 ἀελίου
1257 3931 1446 4015 φρύγοντος
1456 3927 1604 4015 ἔδραμον

382 4034 478 4102 addita
504 4038 743 4122 comparatione
771 4038 815 4114 ὡς
843 4036 1020 4120 δδοιπόρος
1047 4062 1097 4114 τις
1124 4039 1237 4121 τράχει
1264 4037 1331 4101 ὑπὸ
1354 4040 1467 4122 φαμὸν
1490 4037 1603 4103 ἀελίου

385 4143 570 4225 perbonos:
594 4144 641 4208 sic
663 4145 749 4208 enim
772 4143 830 4208 illo
852 4143 925 4209 loco
944 4144 1168 4229 explicuimus,
1191 4166 1263 4208 cum
1282 4146 1473 4228 interpretes
1492 4164 1511 4206 a
1529 4165 1604 4207 vera

319 4257 320 4266 ’
387 4250 492 4315 ratione
509 4250 648 4337 ‘longius
676 4251 885 4316 deerrassent
926 4250 1070 4316 Verbum
1098 4252 1200 4337 igitur
1227 4274 1326 4317 unum
1351 4250 1437 4334 quod
1460 4250 1603 4335 positum

389 4358 438 4437 est,
460 4354 618 4442 ἔδραμον,
645 4379 728 4443 quae
749 4380 824 4443 pars
846 4362 896 4422 est
918 4358 1126 4441 narrationis,
1151 4360 1255 4422 locum
1279 4358 1377 4422 habet
1400 4359 1435 4422 in
1459 4356 1602 4422 oratione
1616 4381 1644 4422 ιο

392 4467 593 4547 comparativa
631 4464 777 4529 Tertium
799 4464 946 4530 addimus
969 4464 1012 4529 id.
1033 4465 1084 4547 ll,
1106 4465 1167 4529 107

502 4572 543 4637 ori
565 4574 632 4653 μάυ
654 4571 784 4656 ἀχρεῖός
807 4595 844 4655 γε
868 4573 959 4660 δόμῳ
983 4570 1035 4638 ἐνί
1058 4574 1150 4637 πίονι
1173 4575 1297 4656 χρυσός

501 4679 683 4763 μυρμίοιωυ
706 4680 762 4743 ἀτε
784 4684 927 4755 πλοῦτος
950 4677 1001 4744 ἀεί
1024 4678 1183 4762 κέχυται
1206 4680 1405 4762 μομεόυτων.

398 4773 457 4846 Cum
484 4787 567 4851 enim
599 4784 639 4851 ad
668 4786 749 4850 haec
776 4786 839 4850 οὐκ
866 4785 996 4870 ἀχρεῖος
1023 4787 1145 4870 χρυσὸς
1173 4783 1210 4850 ἐν
1238 4786 1329 4873 δόμῳ
1356 4786 1490 4871 κέχυται
1519 4807 1604 4850 com·

399 4890 504 4964 Intendi
525 4914 621 4958 causa
642 4891 780 4957 addatur
802 4894 858 4957 ἀτε
881 4894 1065 4976 μυρμάκων
1087 4897 1230 4969 πλοῦτος
1254 4890 1304 4957 ἀεὶ
1325 4896 1517 4975 μογείυτωυ
1535 4891 1602 4956 scil.

402 4990 494 5080 ziam,
517 5021 627 5064 rursus
649 4999 796 5077 verbum,
824 4999 911 5083 quod
933 5021 1033 5063 unum
1057 5003 1120 5083 est,
1147 4998 1360 5085 intelligimus
1384 5000 1418 5063 in
1442 5020 1603 5083 compara·

404 5148 581 5171 κ-

469 5260 508 5329 ’4)
525 5261 680 5334 [Quaedam
688 5263 793 5318 similia
801 5279 835 5317 ex
842 5263 1010 5317 nostratium
1019 5281 1071 5317 usu
1079 5262 1380 5318 uffertM.ltannowius
1387 5262 1417 5316 in
1426 5262 1601 5316 ιοοολιτιιοοίιτ.

407 5340 423 5400 t
433 5344 491 5402 αιι.
500 5353 563 5420 μοι.
578 5357 648 5407 mea
662 5371 690 5407 ι.
705 5353 761 5424 ιο]
