<?xml version="1.0" encoding="UTF-8"?>
<!DOCTYPE html PUBLIC "-//W3C//DTD XHTML 1.0 Transitional//EN"
    "http://www.w3.org/TR/xhtml1/DTD/xhtml1-transitional.dtd">
<html xmlns="http://www.w3.org/1999/xhtml" xml:lang="en" lang="en">
 <head>
  <title>
</title>
<meta http-equiv="Content-Type" content="text/html;charset=utf-8" />
  <meta name='ocr-system' content='tesseract 3.04.00' />
  <meta name='ocr-capabilities' content='ocr_page ocr_carea ocr_par ocr_line ocrx_word'/>
</head>
<body>
  <div class='ocr_page' id='page_1' title='image "./iohannisvahleni01vahlgoog/iohannisvahleni01vahlgoog_0035.png"; bbox 0 0 3925 6675; ppageno 0'>
   <div class='ocr_carea' id='block_1_1' title="bbox 698 1119 1572 1184">
    <p class='ocr_par' dir='ltr' id='par_1_1' title="bbox 698 1119 1572 1184">
     <span class='ocr_line' id='line_1_1' title="bbox 698 1119 1572 1184; baseline 0.003 -15"><span class='ocrx_word' id='word_1_1' title='bbox 698 1119 981 1171; x_wconf 72' lang='lat' dir='ltr'>muorrrosss</span> <span class='ocrx_word' id='word_1_2' title='bbox 1001 1120 1213 1172; x_wconf 69' lang='lat' dir='ltr'>susurriis.</span> <span class='ocrx_word' id='word_1_3' title='bbox 1529 1120 1572 1184; x_wconf 63' lang='grc' dir='ltr'><em>ῃ</em></span> 
     </span>
    </p>
   </div>
   <div class='ocr_carea' id='block_1_2' title="bbox 295 1279 1613 3929">
    <p class='ocr_par' dir='ltr' id='par_1_2' title="bbox 295 1279 1613 3929">
     <span class='ocr_line' id='line_1_2' title="bbox 334 1279 1573 1367; baseline 0.006 -25"><span class='ocrx_word' id='word_1_4' title='bbox 334 1279 411 1361; x_wconf 79' lang='lat' dir='ltr'>fuit,</span> <span class='ocrx_word' id='word_1_5' title='bbox 434 1279 635 1363; x_wconf 84' lang='lat' dir='ltr'>attendisset,</span> <span class='ocrx_word' id='word_1_6' title='bbox 658 1300 759 1365; x_wconf 86' lang='lat' dir='ltr'>paene</span> <span class='ocrx_word' id='word_1_7' title='bbox 783 1281 937 1345; x_wconf 89' lang='lat' dir='ltr'>miramur</span> <span class='ocrx_word' id='word_1_8' title='bbox 959 1303 1033 1345; x_wconf 90' lang='lat' dir='ltr'>eum</span> <span class='ocrx_word' id='word_1_9' title='bbox 1056 1303 1123 1347; x_wconf 88' lang='lat' dir='ltr'>non</span> <span class='ocrx_word' id='word_1_10' title='bbox 1145 1281 1242 1346; x_wconf 89' lang='lat' dir='ltr'>simul</span> <span class='ocrx_word' id='word_1_11' title='bbox 1261 1281 1342 1346; x_wconf 92' lang='lat' dir='ltr'>illud</span> <span class='ocrx_word' id='word_1_12' title='bbox 1362 1284 1573 1367; x_wconf 78' lang='lat' dir='ltr'>perspexisse,</span> 
     </span>
     <span class='ocr_line' id='line_1_3' title="bbox 335 1385 1572 1472; baseline 0.005 -23"><span class='ocrx_word' id='word_1_13' title='bbox 335 1385 422 1450; x_wconf 89' lang='lat' dir='ltr'>nihil</span> <span class='ocrx_word' id='word_1_14' title='bbox 450 1388 597 1470; x_wconf 89' lang='lat' dir='ltr'>potuisse</span> <span class='ocrx_word' id='word_1_15' title='bbox 625 1387 732 1470; x_wconf 89' lang='lat' dir='ltr'>aptius</span> <span class='ocrx_word' id='word_1_16' title='bbox 761 1389 796 1452; x_wconf 88' lang='lat' dir='ltr'>in</span> <span class='ocrx_word' id='word_1_17' title='bbox 828 1388 887 1451; x_wconf 88' lang='lat' dir='ltr'>hac</span> <span class='ocrx_word' id='word_1_18' title='bbox 919 1389 1079 1453; x_wconf 85' lang='lat' dir='ltr'>sententis</span> <span class='ocrx_word' id='word_1_19' title='bbox 1111 1389 1188 1472; x_wconf 89' lang='lat' dir='ltr'>poni</span> <span class='ocrx_word' id='word_1_20' title='bbox 1221 1411 1317 1472; x_wconf 89' lang='lat' dir='ltr'>quam</span> <span class='ocrx_word' id='word_1_21' title='bbox 1350 1390 1458 1472; x_wconf 89' lang='lat' dir='ltr'>ipsum</span> <span class='ocrx_word' id='word_1_22' title='bbox 1491 1389 1572 1455; x_wconf 92' lang='lat' dir='ltr'>illud</span> 
     </span>
     <span class='ocr_line' id='line_1_4' title="bbox 333 1493 1574 1580; baseline 0.004 -25"><span class='ocrx_word' id='word_1_23' title='bbox 333 1493 462 1577; x_wconf 77' lang='lat' dir='ltr'>dseeio,</span> <span class='ocrx_word' id='word_1_24' title='bbox 484 1493 576 1556; x_wconf 84' lang='lat' dir='ltr'>euius</span> <span class='ocrx_word' id='word_1_25' title='bbox 595 1495 752 1580; x_wconf 80' lang='lat' dir='ltr'>originem</span> <span class='ocrx_word' id='word_1_26' title='bbox 771 1517 790 1558; x_wconf 92' lang='lat' dir='ltr'>a</span> <span class='ocrx_word' id='word_1_27' title='bbox 808 1495 998 1580; x_wconf 77' lang='lat' dir='ltr'>glossatoris</span> <span class='ocrx_word' id='word_1_28' title='bbox 1017 1495 1152 1560; x_wconf 84' lang='lat' dir='ltr'>oonsilio</span> <span class='ocrx_word' id='word_1_29' title='bbox 1171 1495 1286 1559; x_wconf 88' lang='lat' dir='ltr'>maluit</span> <span class='ocrx_word' id='word_1_30' title='bbox 1305 1518 1402 1580; x_wconf 88' lang='lat' dir='ltr'>quem</span> <span class='ocrx_word' id='word_1_31' title='bbox 1421 1520 1440 1561; x_wconf 89' lang='lat' dir='ltr'>a</span> <span class='ocrx_word' id='word_1_32' title='bbox 1458 1501 1574 1580; x_wconf 85' lang='lat' dir='ltr'>poetae</span> 
     </span>
     <span class='ocr_line' id='line_1_5' title="bbox 334 1600 1573 1687; baseline 0.004 -23"><span class='ocrx_word' id='word_1_33' title='bbox 334 1622 437 1664; x_wconf 89' lang='lat' dir='ltr'>manu</span> <span class='ocrx_word' id='word_1_34' title='bbox 459 1604 612 1684; x_wconf 88' lang='lat' dir='ltr'>repetere.</span> <span class='ocrx_word' id='word_1_35' title='bbox 658 1600 705 1666; x_wconf 89' lang='lat' dir='ltr'>Ut</span> <span class='ocrx_word' id='word_1_36' title='bbox 728 1603 812 1665; x_wconf 91' lang='lat' dir='ltr'>enim</span> <span class='ocrx_word' id='word_1_37' title='bbox 831 1602 996 1686; x_wconf 75' lang='lat' dir='ltr'>paulisper</span> <span class='ocrx_word' id='word_1_38' title='bbox 1013 1623 1172 1686; x_wconf 90' lang='lat' dir='ltr'>ponamus</span> <span class='ocrx_word' id='word_1_39' title='bbox 1191 1604 1404 1687; x_wconf 79' lang='lat' dir='ltr'>interroganti</span> <span class='ocrx_word' id='word_1_40' title='bbox 1432 1603 1573 1685; x_wconf 70' lang='lat' dir='ltr'>Quietis</span> 
     </span>
     <span class='ocr_line' id='line_1_6' title="bbox 335 1706 1572 1791; baseline 0.004 -21"><span class='ocrx_word' id='word_1_41' title='bbox 335 1706 596 1771; x_wconf 80' lang='lat' dir='ltr'>Acroteleutium</span> <span class='ocrx_word' id='word_1_42' title='bbox 620 1708 823 1791; x_wconf 88' lang='lat' dir='ltr'>respondisse</span> <span class='ocrx_word' id='word_1_43' title='bbox 847 1708 917 1773; x_wconf 82' lang='lat' dir='ltr'>Seio</span> <span class='ocrx_word' id='word_1_44' title='bbox 944 1709 1065 1791; x_wconf 83' lang='lat' dir='ltr'>edepol:</span> <span class='ocrx_word' id='word_1_45' title='bbox 1093 1709 1222 1790; x_wconf 76' lang='lat' dir='ltr'>olfacio:</span> <span class='ocrx_word' id='word_1_46' title='bbox 1245 1730 1321 1774; x_wconf 76' lang='lat' dir='ltr'>nam</span> <span class='ocrx_word' id='word_1_47' title='bbox 1344 1710 1435 1775; x_wconf 82' lang='lat' dir='ltr'>odere</span> <span class='ocrx_word' id='word_1_48' title='bbox 1457 1731 1572 1775; x_wconf 81' lang='lat' dir='ltr'><strong><em>nasum</em></strong></span> 
     </span>
     <span class='ocr_line' id='line_1_7' title="bbox 333 1814 1572 1898; baseline 0.003 -20"><span class='ocrx_word' id='word_1_49' title='bbox 333 1816 454 1878; x_wconf 78' lang='lat' dir='ltr'>sentiat</span> <span class='ocrx_word' id='word_1_50' title='bbox 476 1817 506 1878; x_wconf 80' lang='lat' dir='ltr'>si</span> <span class='ocrx_word' id='word_1_51' title='bbox 528 1817 615 1879; x_wconf 78' lang='lat' dir='ltr'>intus</span> <span class='ocrx_word' id='word_1_52' title='bbox 636 1817 687 1898; x_wconf 85' lang='lat' dir='ltr'>sit,</span> <span class='ocrx_word' id='word_1_53' title='bbox 710 1815 787 1898; x_wconf 91' lang='lat' dir='ltr'>quid</span> <span class='ocrx_word' id='word_1_54' title='bbox 812 1817 845 1879; x_wconf 89' lang='lat' dir='ltr'>in</span> <span class='ocrx_word' id='word_1_55' title='bbox 869 1815 928 1879; x_wconf 83' lang='lat' dir='ltr'>hae</span> <span class='ocrx_word' id='word_1_56' title='bbox 951 1814 1096 1880; x_wconf 82' lang='lat' dir='ltr'>oratione</span> <span class='ocrx_word' id='word_1_57' title='bbox 1119 1837 1186 1879; x_wconf 89' lang='lat' dir='ltr'>uon</span> <span class='ocrx_word' id='word_1_58' title='bbox 1209 1815 1305 1880; x_wconf 88' lang='lat' dir='ltr'>modo</span> <span class='ocrx_word' id='word_1_59' title='bbox 1328 1821 1413 1880; x_wconf 85' lang='lat' dir='ltr'>reete</span> <span class='ocrx_word' id='word_1_60' title='bbox 1431 1817 1572 1882; x_wconf 91' lang='lat' dir='ltr'>sednon</span> 
     </span>
     <span class='ocr_line' id='line_1_8' title="bbox 332 1921 1571 2007; baseline 0.003 -24"><span class='ocrx_word' id='word_1_61' title='bbox 332 1921 433 2004; x_wconf 87' lang='lat' dir='ltr'>plane</span> <span class='ocrx_word' id='word_1_62' title='bbox 462 1921 591 2007; x_wconf 79' lang='lat' dir='ltr'>egregie</span> <span class='ocrx_word' id='word_1_63' title='bbox 619 1921 683 1985; x_wconf 86' lang='lat' dir='ltr'>diei</span> <span class='ocrx_word' id='word_1_64' title='bbox 710 1926 871 2006; x_wconf 88' lang='lat' dir='ltr'>putamus.</span> <span class='ocrx_word' id='word_1_65' title='bbox 922 1921 1011 1998; x_wconf 83' lang='lat' dir='ltr'>Quae</span> <span class='ocrx_word' id='word_1_66' title='bbox 1040 1945 1111 1987; x_wconf 87' lang='lat' dir='ltr'>eum</span> <span class='ocrx_word' id='word_1_67' title='bbox 1140 1922 1349 1986; x_wconf 85' lang='lat' dir='ltr'>affirmaverit</span> <span class='ocrx_word' id='word_1_68' title='bbox 1377 1925 1437 1988; x_wconf 79' lang='lat' dir='ltr'>seio</span> <span class='ocrx_word' id='word_1_69' title='bbox 1460 1924 1571 2006; x_wconf 81' lang='lat' dir='ltr'>edepol,</span> 
     </span>
     <span class='ocr_line' id='line_1_9' title="bbox 332 2027 1573 2114; baseline 0.003 -24"><span class='ocrx_word' id='word_1_70' title='bbox 332 2048 466 2091; x_wconf 85' lang='lat' dir='ltr'>eausam</span> <span class='ocrx_word' id='word_1_71' title='bbox 500 2027 635 2093; x_wconf 81' lang='lat' dir='ltr'>fiduciae</span> <span class='ocrx_word' id='word_1_72' title='bbox 668 2028 757 2092; x_wconf 81' lang='lat' dir='ltr'>addit</span> <span class='ocrx_word' id='word_1_73' title='bbox 788 2029 915 2111; x_wconf 72' lang='lat' dir='ltr'>olfacio,</span> <span class='ocrx_word' id='word_1_74' title='bbox 947 2033 979 2094; x_wconf 90' lang='lat' dir='ltr'>et</span> <span class='ocrx_word' id='word_1_75' title='bbox 1011 2050 1121 2093; x_wconf 90' lang='lat' dir='ltr'>rursus</span> <span class='ocrx_word' id='word_1_76' title='bbox 1154 2028 1230 2093; x_wconf 85' lang='lat' dir='ltr'>huie</span> <span class='ocrx_word' id='word_1_77' title='bbox 1262 2028 1443 2114; x_wconf 76' lang='lat' dir='ltr'>explicandi</span> <span class='ocrx_word' id='word_1_78' title='bbox 1477 2051 1573 2095; x_wconf 84' lang='lat' dir='ltr'>cause</span> 
     </span>
     <span class='ocr_line' id='line_1_10' title="bbox 331 2132 1572 2213; baseline 0.005 -17"><span class='ocrx_word' id='word_1_79' title='bbox 331 2132 471 2197; x_wconf 80' lang='lat' dir='ltr'>subiicit</span> <span class='ocrx_word' id='word_1_80' title='bbox 503 2134 559 2197; x_wconf 85' lang='lat' dir='ltr'>illa</span> <span class='ocrx_word' id='word_1_81' title='bbox 590 2156 666 2199; x_wconf 80' lang='lat' dir='ltr'>aem</span> <span class='ocrx_word' id='word_1_82' title='bbox 698 2136 790 2200; x_wconf 86' lang='lat' dir='ltr'>odore</span> <span class='ocrx_word' id='word_1_83' title='bbox 820 2156 934 2200; x_wconf 79' lang='lat' dir='ltr'>nasum</span> <span class='ocrx_word' id='word_1_84' title='bbox 965 2137 1080 2201; x_wconf 76' lang='lat' dir='ltr'>sentiat</span> <span class='ocrx_word' id='word_1_85' title='bbox 1111 2137 1140 2199; x_wconf 84' lang='lat' dir='ltr'>si</span> <span class='ocrx_word' id='word_1_86' title='bbox 1171 2137 1258 2200; x_wconf 76' lang='lat' dir='ltr'>intus</span> <span class='ocrx_word' id='word_1_87' title='bbox 1288 2137 1342 2213; x_wconf 80' lang='lat' dir='ltr'>sit,</span> <span class='ocrx_word' id='word_1_88' title='bbox 1379 2158 1451 2200; x_wconf 88' lang='lat' dir='ltr'>eum</span> <span class='ocrx_word' id='word_1_89' title='bbox 1488 2136 1572 2202; x_wconf 88' lang='lat' dir='ltr'>hano</span> 
     </span>
     <span class='ocr_line' id='line_1_11' title="bbox 330 2240 1613 2326; baseline 0.005 -22"><span class='ocrx_word' id='word_1_90' title='bbox 330 2240 510 2320; x_wconf 77' lang='lat' dir='ltr'>olsoeieadi</span> <span class='ocrx_word' id='word_1_91' title='bbox 532 2241 598 2303; x_wconf 87' lang='lat' dir='ltr'>vim</span> <span class='ocrx_word' id='word_1_92' title='bbox 621 2243 668 2305; x_wconf 90' lang='lat' dir='ltr'>ita</span> <span class='ocrx_word' id='word_1_93' title='bbox 690 2242 931 2326; x_wconf 64' lang='lat' dir='ltr'>interpretatur,</span> <span class='ocrx_word' id='word_1_94' title='bbox 953 2246 990 2306; x_wconf 91' lang='lat' dir='ltr'>ut</span> <span class='ocrx_word' id='word_1_95' title='bbox 1013 2264 1047 2306; x_wconf 89' lang='lat' dir='ltr'>se</span> <span class='ocrx_word' id='word_1_96' title='bbox 1070 2241 1153 2306; x_wconf 93' lang='lat' dir='ltr'>nihil</span> <span class='ocrx_word' id='word_1_97' title='bbox 1177 2242 1300 2308; x_wconf 80' lang='lat' dir='ltr'>seilicet</span> <span class='ocrx_word' id='word_1_98' title='bbox 1323 2243 1454 2324; x_wconf 77' lang='lat' dir='ltr'>olfacere</span> <span class='ocrx_word' id='word_1_99' title='bbox 1476 2243 1571 2326; x_wconf 85' lang='lat' dir='ltr'>dieat,</span> <span class='ocrx_word' id='word_1_100' title='bbox 1586 2270 1613 2310; x_wconf 80' lang='lat' dir='ltr'>ro</span> 
     </span>
     <span class='ocr_line' id='line_1_12' title="bbox 330 2348 1571 2434; baseline 0.003 -23"><span class='ocrx_word' id='word_1_101' title='bbox 330 2369 375 2411; x_wconf 85' lang='lat' dir='ltr'>ex</span> <span class='ocrx_word' id='word_1_102' title='bbox 401 2369 504 2431; x_wconf 88' lang='lat' dir='ltr'>eaque</span> <span class='ocrx_word' id='word_1_103' title='bbox 527 2370 561 2411; x_wconf 90' lang='lat' dir='ltr'>re</span> <span class='ocrx_word' id='word_1_104' title='bbox 586 2348 737 2434; x_wconf 78' lang='lat' dir='ltr'>colligere</span> <span class='ocrx_word' id='word_1_105' title='bbox 760 2370 855 2432; x_wconf 90' lang='lat' dir='ltr'>quem</span> <span class='ocrx_word' id='word_1_106' title='bbox 884 2352 1015 2433; x_wconf 83' lang='lat' dir='ltr'>expetet</span> <span class='ocrx_word' id='word_1_107' title='bbox 1038 2371 1103 2414; x_wconf 89' lang='lat' dir='ltr'>non</span> <span class='ocrx_word' id='word_1_108' title='bbox 1131 2370 1200 2415; x_wconf 92' lang='lat' dir='ltr'>esse</span> <span class='ocrx_word' id='word_1_109' title='bbox 1228 2349 1330 2432; x_wconf 91' lang='lat' dir='ltr'>intus,</span> <span class='ocrx_word' id='word_1_110' title='bbox 1357 2351 1447 2414; x_wconf 83' lang='lat' dir='ltr'>velut</span> <span class='ocrx_word' id='word_1_111' title='bbox 1474 2352 1571 2434; x_wconf 86' lang='lat' dir='ltr'>paulo</span> 
     </span>
     <span class='ocr_line' id='line_1_13' title="bbox 329 2451 1571 2540; baseline 0.006 -25"><span class='ocrx_word' id='word_1_112' title='bbox 329 2457 413 2537; x_wconf 89' lang='lat' dir='ltr'>post</span> <span class='ocrx_word' id='word_1_113' title='bbox 433 2451 475 2538; x_wconf 80' lang='lat' dir='ltr'>(v.</span> <span class='ocrx_word' id='word_1_114' title='bbox 494 2454 554 2538; x_wconf 78' lang='lat'>43)</span> <span class='ocrx_word' id='word_1_115' title='bbox 574 2476 612 2518; x_wconf 87' lang='lat' dir='ltr'>ex</span> <span class='ocrx_word' id='word_1_116' title='bbox 633 2455 730 2520; x_wconf 88' lang='lat' dir='ltr'>odore</span> <span class='ocrx_word' id='word_1_117' title='bbox 749 2456 806 2538; x_wconf 92' lang='lat' dir='ltr'>qui</span> <span class='ocrx_word' id='word_1_118' title='bbox 824 2455 868 2518; x_wconf 89' lang='lat' dir='ltr'>sit</span> <span class='ocrx_word' id='word_1_119' title='bbox 886 2454 1022 2519; x_wconf 90' lang='lat' dir='ltr'>eundem</span> <span class='ocrx_word' id='word_1_120' title='bbox 1041 2477 1142 2540; x_wconf 88' lang='lat' dir='ltr'>prope</span> <span class='ocrx_word' id='word_1_121' title='bbox 1161 2455 1271 2519; x_wconf 87' lang='lat' dir='ltr'>adesse</span> <span class='ocrx_word' id='word_1_122' title='bbox 1290 2456 1422 2520; x_wconf 84' lang='lat' dir='ltr'>divinat.</span> <span class='ocrx_word' id='word_1_123' title='bbox 1454 2456 1571 2522; x_wconf 88' lang='lat' dir='ltr'>Plauto</span> 
     </span>
     <span class='ocr_line' id='line_1_14' title="bbox 330 2561 1572 2647; baseline 0.006 -26"><span class='ocrx_word' id='word_1_124' title='bbox 330 2564 447 2622; x_wconf 90' lang='lat' dir='ltr'>autem</span> <span class='ocrx_word' id='word_1_125' title='bbox 466 2561 529 2644; x_wconf 92' lang='lat' dir='ltr'>ipsi</span> <span class='ocrx_word' id='word_1_126' title='bbox 548 2561 660 2642; x_wconf 76' lang='lat' dir='ltr'>olfacio</span> <span class='ocrx_word' id='word_1_127' title='bbox 679 2562 706 2625; x_wconf 92' lang='lat' dir='ltr'>si</span> <span class='ocrx_word' id='word_1_128' title='bbox 726 2561 891 2645; x_wconf 88' lang='lat' dir='ltr'>tribuitur,</span> <span class='ocrx_word' id='word_1_129' title='bbox 910 2561 1131 2626; x_wconf 90' lang='lat' dir='ltr'>Palatiuorum</span> <span class='ocrx_word' id='word_1_130' title='bbox 1150 2561 1307 2626; x_wconf 88' lang='lat' dir='ltr'>librorum</span> <span class='ocrx_word' id='word_1_131' title='bbox 1327 2563 1488 2647; x_wconf 82' lang='lat' dir='ltr'>scriptura</span> <span class='ocrx_word' id='word_1_132' title='bbox 1505 2586 1572 2628; x_wconf 91' lang='lat' dir='ltr'>non</span> 
     </span>
     <span class='ocr_line' id='line_1_15' title="bbox 328 2664 1571 2754; baseline 0.005 -26"><span class='ocrx_word' id='word_1_133' title='bbox 328 2664 504 2730; x_wconf 79' lang='lat' dir='ltr'>difficilius</span> <span class='ocrx_word' id='word_1_134' title='bbox 528 2668 657 2751; x_wconf 90' lang='lat' dir='ltr'>quidem</span> <span class='ocrx_word' id='word_1_135' title='bbox 680 2667 874 2752; x_wconf 82' lang='lat' dir='ltr'>explicatum</span> <span class='ocrx_word' id='word_1_136' title='bbox 898 2667 997 2732; x_wconf 91' lang='lat' dir='ltr'>habet</span> <span class='ocrx_word' id='word_1_137' title='bbox 1020 2689 1116 2752; x_wconf 89' lang='lat' dir='ltr'>quam</span> <span class='ocrx_word' id='word_1_138' title='bbox 1139 2668 1331 2754; x_wconf 86' lang='lat' dir='ltr'>glossatoris</span> <span class='ocrx_word' id='word_1_139' title='bbox 1355 2691 1452 2754; x_wconf 89' lang='lat' dir='ltr'>opera</span> <span class='ocrx_word' id='word_1_140' title='bbox 1475 2670 1571 2734; x_wconf 89' lang='lat' dir='ltr'>inter-</span> 
     </span>
     <span class='ocr_line' id='line_1_16' title="bbox 329 2772 1571 2860; baseline 0.006 -25"><span class='ocrx_word' id='word_1_141' title='bbox 329 2773 454 2857; x_wconf 86' lang='lat' dir='ltr'>posita.</span> <span class='ocrx_word' id='word_1_142' title='bbox 500 2772 613 2858; x_wconf 82' lang='lat' dir='ltr'>Itaque</span> <span class='ocrx_word' id='word_1_143' title='bbox 636 2775 798 2839; x_wconf 80' lang='lat' dir='ltr'>mordicus</span> <span class='ocrx_word' id='word_1_144' title='bbox 821 2774 993 2839; x_wconf 83' lang='lat' dir='ltr'>tenendum</span> <span class='ocrx_word' id='word_1_145' title='bbox 1017 2795 1086 2839; x_wconf 89' lang='lat' dir='ltr'>esse</span> <span class='ocrx_word' id='word_1_146' title='bbox 1109 2775 1221 2856; x_wconf 70' lang='lat' dir='ltr'>olfatio</span> <span class='ocrx_word' id='word_1_147' title='bbox 1240 2777 1364 2860; x_wconf 86' lang='lat' dir='ltr'>aiimus,</span> <span class='ocrx_word' id='word_1_148' title='bbox 1386 2798 1491 2860; x_wconf 90' lang='lat' dir='ltr'>neque</span> <span class='ocrx_word' id='word_1_149' title='bbox 1509 2776 1571 2842; x_wconf 87' lang='lat' dir='ltr'>hoe</span> 
     </span>
     <span class='ocr_line' id='line_1_17' title="bbox 330 2878 1571 2969; baseline 0.005 -27"><span class='ocrx_word' id='word_1_150' title='bbox 330 2878 502 2964; x_wconf 82' lang='lat' dir='ltr'>singulare</span> <span class='ocrx_word' id='word_1_151' title='bbox 521 2886 570 2945; x_wconf 91' lang='lat' dir='ltr'>est</span> <span class='ocrx_word' id='word_1_152' title='bbox 587 2881 621 2944; x_wconf 93' lang='lat' dir='ltr'>in</span> <span class='ocrx_word' id='word_1_153' title='bbox 640 2880 700 2945; x_wconf 86' lang='lat' dir='ltr'>hae</span> <span class='ocrx_word' id='word_1_154' title='bbox 717 2880 828 2946; x_wconf 83' lang='lat' dir='ltr'>fabula</span> <span class='ocrx_word' id='word_1_155' title='bbox 846 2881 928 2945; x_wconf 89' lang='lat' dir='ltr'>istos</span> <span class='ocrx_word' id='word_1_156' title='bbox 947 2880 1028 2946; x_wconf 89' lang='lat' dir='ltr'>duos</span> <span class='ocrx_word' id='word_1_157' title='bbox 1046 2886 1156 2964; x_wconf 88' lang='lat' dir='ltr'>testes,</span> <span class='ocrx_word' id='word_1_158' title='bbox 1175 2881 1292 2966; x_wconf 90' lang='lat' dir='ltr'>quibus</span> <span class='ocrx_word' id='word_1_159' title='bbox 1307 2904 1393 2948; x_wconf 89' lang='lat' dir='ltr'>nune</span> <span class='ocrx_word' id='word_1_160' title='bbox 1408 2883 1571 2969; x_wconf 89' lang='lat' dir='ltr'>integrum</span> 
     </span>
     <span class='ocr_line' id='line_1_18' title="bbox 295 2986 1573 3074; baseline 0.002 -22"><span class='ocrx_word' id='word_1_161' title='bbox 295 3062 305 3068; x_wconf 46' lang='lat'><em>,</em></span> <span class='ocrx_word' id='word_1_162' title='bbox 328 2986 451 3067; x_wconf 77' lang='lat' dir='ltr'>olfacio</span> <span class='ocrx_word' id='word_1_163' title='bbox 473 2992 640 3072; x_wconf 76' lang='lat' dir='ltr'>acceptum</span> <span class='ocrx_word' id='word_1_164' title='bbox 663 2989 775 3072; x_wconf 89' lang='lat' dir='ltr'>fertur,</span> <span class='ocrx_word' id='word_1_165' title='bbox 797 2987 948 3052; x_wconf 87' lang='lat' dir='ltr'>exhibere</span> <span class='ocrx_word' id='word_1_166' title='bbox 970 2989 1066 3072; x_wconf 88' lang='lat' dir='ltr'>plena</span> <span class='ocrx_word' id='word_1_167' title='bbox 1090 2992 1146 3053; x_wconf 87' lang='lat' dir='ltr'>aut</span> <span class='ocrx_word' id='word_1_168' title='bbox 1166 2989 1331 3053; x_wconf 86' lang='lat' dir='ltr'>emendate</span> <span class='ocrx_word' id='word_1_169' title='bbox 1351 2991 1470 3074; x_wconf 89' lang='lat' dir='ltr'>seripta</span> <span class='ocrx_word' id='word_1_170' title='bbox 1488 3011 1573 3074; x_wconf 89' lang='lat' dir='ltr'>quae</span> 
     </span>
     <span class='ocr_line' id='line_1_19' title="bbox 332 3093 1571 3182; baseline 0.002 -24"><span class='ocrx_word' id='word_1_171' title='bbox 332 3096 369 3158; x_wconf 89' lang='lat' dir='ltr'>in</span> <span class='ocrx_word' id='word_1_172' title='bbox 395 3093 488 3158; x_wconf 88' lang='lat' dir='ltr'>libris</span> <span class='ocrx_word' id='word_1_173' title='bbox 511 3094 668 3159; x_wconf 90' lang='lat' dir='ltr'>Palatinis</span> <span class='ocrx_word' id='word_1_174' title='bbox 692 3095 808 3159; x_wconf 92' lang='lat' dir='ltr'>mutila</span> <span class='ocrx_word' id='word_1_175' title='bbox 835 3100 910 3159; x_wconf 91' lang='lat' dir='ltr'>sunt</span> <span class='ocrx_word' id='word_1_176' title='bbox 937 3095 988 3158; x_wconf 87' lang='lat' dir='ltr'>vel</span> <span class='ocrx_word' id='word_1_177' title='bbox 1017 3095 1201 3180; x_wconf 80' lang='lat' dir='ltr'>depravata:</span> <span class='ocrx_word' id='word_1_178' title='bbox 1231 3095 1317 3180; x_wconf 90' lang='lat' dir='ltr'>quod</span> <span class='ocrx_word' id='word_1_179' title='bbox 1345 3116 1448 3182; x_wconf 90' lang='lat' dir='ltr'>genus</span> <span class='ocrx_word' id='word_1_180' title='bbox 1476 3096 1571 3180; x_wconf 89' lang='lat' dir='ltr'>quale</span> 
     </span>
     <span class='ocr_line' id='line_1_20' title="bbox 330 3200 1568 3288; baseline 0.002 -25"><span class='ocrx_word' id='word_1_181' title='bbox 330 3202 389 3282; x_wconf 84' lang='lat' dir='ltr'>sit,</span> <span class='ocrx_word' id='word_1_182' title='bbox 418 3222 458 3265; x_wconf 90' lang='lat' dir='ltr'>ne</span> <span class='ocrx_word' id='word_1_183' title='bbox 481 3203 549 3265; x_wconf 90' lang='lat' dir='ltr'>sine</span> <span class='ocrx_word' id='word_1_184' title='bbox 572 3203 720 3286; x_wconf 86' lang='lat' dir='ltr'>exemplo</span> <span class='ocrx_word' id='word_1_185' title='bbox 747 3201 927 3286; x_wconf 89' lang='lat' dir='ltr'>loquamur,</span> <span class='ocrx_word' id='word_1_186' title='bbox 954 3200 1116 3288; x_wconf 89' lang='lat' dir='ltr'>intelliget</span> <span class='ocrx_word' id='word_1_187' title='bbox 1144 3203 1171 3266; x_wconf 90' lang='lat' dir='ltr'>si</span> <span class='ocrx_word' id='word_1_188' title='bbox 1196 3202 1269 3286; x_wconf 90' lang='lat' dir='ltr'>quis</span> <span class='ocrx_word' id='word_1_189' title='bbox 1293 3204 1344 3266; x_wconf 87' lang='lat' dir='ltr'>vel</span> <span class='ocrx_word' id='word_1_190' title='bbox 1368 3202 1408 3267; x_wconf 89' lang='lat' dir='ltr'>ad</span> <span class='ocrx_word' id='word_1_191' title='bbox 1432 3221 1467 3266; x_wconf 91' lang='lat' dir='ltr'>1v</span> <span class='ocrx_word' id='word_1_192' title='bbox 1482 3203 1513 3286; x_wconf 77' lang='lat'>2,</span> <span class='ocrx_word' id='word_1_193' title='bbox 1527 3203 1568 3266; x_wconf 83' lang='grc'>87</span> 
     </span>
     <span class='ocr_line' id='line_1_21' title="bbox 329 3307 1611 3394; baseline 0.006 -22"><span class='ocrx_word' id='word_1_194' title='bbox 329 3329 421 3392; x_wconf 87' lang='lat' dir='ltr'>quae</span> <span class='ocrx_word' id='word_1_195' title='bbox 442 3307 604 3393; x_wconf 79' lang='lat' dir='ltr'>adscripta</span> <span class='ocrx_word' id='word_1_196' title='bbox 622 3313 698 3374; x_wconf 87' lang='lat' dir='ltr'>sunt</span> <span class='ocrx_word' id='word_1_197' title='bbox 716 3309 902 3374; x_wconf 89' lang='lat' dir='ltr'>testimonia</span> <span class='ocrx_word' id='word_1_198' title='bbox 921 3310 1076 3374; x_wconf 89' lang='lat' dir='ltr'>attentius</span> <span class='ocrx_word' id='word_1_199' title='bbox 1095 3310 1302 3394; x_wconf 86' lang='lat' dir='ltr'>perspexerit.</span> <span class='ocrx_word' id='word_1_200' title='bbox 1339 3308 1448 3376; x_wconf 89' lang='lat' dir='ltr'>Unum</span> <span class='ocrx_word' id='word_1_201' title='bbox 1467 3314 1568 3376; x_wconf 90' lang='lat' dir='ltr'>restat</span> <span class='ocrx_word' id='word_1_202' title='bbox 1582 3340 1611 3380; x_wconf 77' lang='lat' dir='ltr'>se</span> 
     </span>
     <span class='ocr_line' id='line_1_22' title="bbox 330 3415 1572 3501; baseline 0.002 -22"><span class='ocrx_word' id='word_1_203' title='bbox 330 3415 507 3501; x_wconf 88' lang='lat' dir='ltr'>agendum,</span> <span class='ocrx_word' id='word_1_204' title='bbox 530 3421 567 3480; x_wconf 95' lang='lat' dir='ltr'>ut</span> <span class='ocrx_word' id='word_1_205' title='bbox 588 3416 672 3480; x_wconf 87' lang='lat' dir='ltr'>hane</span> <span class='ocrx_word' id='word_1_206' title='bbox 695 3438 761 3480; x_wconf 90' lang='lat' dir='ltr'>rem</span> <span class='ocrx_word' id='word_1_207' title='bbox 785 3421 886 3481; x_wconf 85' lang='lat' dir='ltr'>totarn</span> <span class='ocrx_word' id='word_1_208' title='bbox 910 3416 1119 3501; x_wconf 88' lang='lat' dir='ltr'>disputemus.</span> <span class='ocrx_word' id='word_1_209' title='bbox 1167 3417 1294 3481; x_wconf 80' lang='lat' dir='ltr'>Etenim</span> <span class='ocrx_word' id='word_1_210' title='bbox 1320 3439 1431 3481; x_wconf 88' lang='lat' dir='ltr'>versus</span> <span class='ocrx_word' id='word_1_211' title='bbox 1451 3420 1506 3501; x_wconf 90' lang='lat' dir='ltr'>qui</span> <span class='ocrx_word' id='word_1_212' title='bbox 1526 3420 1572 3482; x_wconf 91' lang='lat' dir='ltr'>ita</span> 
     </span>
     <span class='ocr_line' id='line_1_23' title="bbox 328 3526 508 3587; baseline 0.006 0"><span class='ocrx_word' id='word_1_213' title='bbox 328 3526 432 3587; x_wconf 90' lang='lat' dir='ltr'>natus</span> <span class='ocrx_word' id='word_1_214' title='bbox 458 3528 508 3587; x_wconf 87' lang='lat' dir='ltr'>est</span> 
     </span>
     <span class='ocr_line' id='line_1_24' title="bbox 334 3629 1571 3715; baseline 0.003 -22"><span class='ocrx_word' id='word_1_215' title='bbox 334 3630 424 3711; x_wconf 80' lang='lat' dir='ltr'>Quia</span> <span class='ocrx_word' id='word_1_216' title='bbox 446 3629 510 3693; x_wconf 65' lang='lat' dir='ltr'>nen</span> <span class='ocrx_word' id='word_1_217' title='bbox 533 3636 576 3694; x_wconf 80' lang='lat' dir='ltr'>est</span> <span class='ocrx_word' id='word_1_218' title='bbox 599 3631 683 3694; x_wconf 79' lang='lat' dir='ltr'>intus</span> <span class='ocrx_word' id='word_1_219' title='bbox 705 3651 793 3711; x_wconf 84' lang='lat' dir='ltr'>quem</span> <span class='ocrx_word' id='word_1_220' title='bbox 816 3651 868 3711; x_wconf 77' lang='lat' dir='ltr'>epo</span> <span class='ocrx_word' id='word_1_221' title='bbox 886 3630 961 3694; x_wconf 77' lang='lat' dir='ltr'>vobi.</span> <span class='ocrx_word' id='word_1_222' title='bbox 979 3630 990 3714; x_wconf 89' lang='grc' dir='ltr'>ΙΙ</span> <span class='ocrx_word' id='word_1_223' title='bbox 1012 3632 1073 3712; x_wconf 80' lang='lat' dir='ltr'>Qui</span> <span class='ocrx_word' id='word_1_224' title='bbox 1091 3631 1174 3696; x_wconf 76' lang='lat' dir='ltr'>seis?</span> <span class='ocrx_word' id='word_1_225' title='bbox 1192 3631 1202 3715; x_wconf 93' lang='grc' dir='ltr'>ΙΙ</span> <span class='ocrx_word' id='word_1_226' title='bbox 1220 3632 1292 3697; x_wconf 81' lang='lat' dir='ltr'>Seio</span> <span class='ocrx_word' id='word_1_227' title='bbox 1311 3632 1432 3713; x_wconf 85' lang='lat' dir='ltr'>edepol:</span> <span class='ocrx_word' id='word_1_228' title='bbox 1457 3632 1571 3713; x_wconf 70' lang='lat' dir='ltr'>olfacio</span> 
     </span>
     <span class='ocr_line' id='line_1_25' title="bbox 329 3734 1570 3824; baseline 0.002 -24"><span class='ocrx_word' id='word_1_229' title='bbox 329 3734 533 3801; x_wconf 87' lang='lat' dir='ltr'>intolerabili</span> <span class='ocrx_word' id='word_1_230' title='bbox 566 3736 683 3801; x_wconf 86' lang='lat' dir='ltr'>duritie</span> <span class='ocrx_word' id='word_1_231' title='bbox 715 3736 849 3801; x_wconf 86' lang='lat' dir='ltr'>laboret.</span> <span class='ocrx_word' id='word_1_232' title='bbox 906 3735 1008 3813; x_wconf 79' lang='lat' dir='ltr'>Quam</span> <span class='ocrx_word' id='word_1_233' title='bbox 1042 3736 1171 3821; x_wconf 90' lang='lat' dir='ltr'>quidem</span> <span class='ocrx_word' id='word_1_234' title='bbox 1207 3736 1302 3802; x_wconf 86' lang='lat' dir='ltr'>fseile</span> <span class='ocrx_word' id='word_1_235' title='bbox 1339 3738 1474 3824; x_wconf 84' lang='lat' dir='ltr'>effugias</span> <span class='ocrx_word' id='word_1_236' title='bbox 1510 3761 1570 3822; x_wconf 90' lang='lat' dir='ltr'>pro</span> 
     </span>
     <span class='ocr_line' id='line_1_26' title="bbox 333 3842 1571 3929; baseline 0.002 -22"><span class='ocrx_word' id='word_1_237' title='bbox 333 3842 445 3923; x_wconf 78' lang='lat' dir='ltr'>edepol</span> <span class='ocrx_word' id='word_1_238' title='bbox 467 3844 609 3926; x_wconf 90' lang='lat' dir='ltr'>reposito</span> <span class='ocrx_word' id='word_1_239' title='bbox 632 3843 746 3907; x_wconf 77' lang='lat' dir='ltr'>terete:</span> <span class='ocrx_word' id='word_1_240' title='bbox 783 3846 844 3924; x_wconf 72' lang='lat' dir='ltr'>Qui</span> <span class='ocrx_word' id='word_1_241' title='bbox 866 3845 949 3907; x_wconf 73' lang='lat' dir='ltr'>seis?</span> <span class='ocrx_word' id='word_1_242' title='bbox 982 3844 1053 3908; x_wconf 82' lang='lat' dir='ltr'>Seio</span> <span class='ocrx_word' id='word_1_243' title='bbox 1075 3844 1189 3909; x_wconf 79' lang='lat' dir='ltr'>berete:</span> <span class='ocrx_word' id='word_1_244' title='bbox 1221 3843 1378 3929; x_wconf 77' lang='lat' dir='ltr'>olfaee’o’).</span> <span class='ocrx_word' id='word_1_245' title='bbox 1425 3842 1461 3908; x_wconf 93' lang='lat' dir='ltr'>Id</span> <span class='ocrx_word' id='word_1_246' title='bbox 1484 3845 1571 3929; x_wconf 92' lang='lat' dir='ltr'>quod</span> 
     </span>
    </p>
   </div>
   <div class='ocr_carea' id='block_1_3' title="bbox 329 4034 1571 5437">
    <p class='ocr_par' dir='ltr' id='par_1_3' title="bbox 329 4034 1571 5437">
     <span class='ocr_line' id='line_1_27' title="bbox 426 4034 1571 4107; baseline 0.004 -20"><span class='ocrx_word' id='word_1_247' title='bbox 426 4040 492 4100; x_wconf 76' lang='grc'>*25)</span> <span class='ocrx_word' id='word_1_248' title='bbox 513 4034 624 4106; x_wconf 79' lang='lat' dir='ltr'>[Adbuc</span> <span class='ocrx_word' id='word_1_249' title='bbox 640 4036 681 4089; x_wconf 84' lang='lat' dir='ltr'>ite</span> <span class='ocrx_word' id='word_1_250' title='bbox 696 4035 787 4089; x_wconf 89' lang='lat' dir='ltr'>sentio</span> <span class='ocrx_word' id='word_1_251' title='bbox 801 4035 874 4089; x_wconf 91' lang='lat' dir='ltr'>nibil</span> <span class='ocrx_word' id='word_1_252' title='bbox 889 4036 984 4107; x_wconf 88' lang='lat' dir='ltr'>aptius</span> <span class='ocrx_word' id='word_1_253' title='bbox 1000 4037 1037 4090; x_wconf 87' lang='lat' dir='ltr'>ad</span> <span class='ocrx_word' id='word_1_254' title='bbox 1051 4036 1207 4091; x_wconf 88' lang='lat' dir='ltr'>orationem</span> <span class='ocrx_word' id='word_1_255' title='bbox 1221 4039 1251 4091; x_wconf 93' lang='lat' dir='ltr'>et</span> <span class='ocrx_word' id='word_1_256' title='bbox 1264 4038 1433 4092; x_wconf 85' lang='lat' dir='ltr'>seutentiam</span> <span class='ocrx_word' id='word_1_257' title='bbox 1443 4037 1571 4106; x_wconf 87' lang='lat' dir='ltr'>potuisse</span> 
     </span>
     <span class='ocr_line' id='line_1_28' title="bbox 329 4123 1571 4196; baseline 0.004 -19"><span class='ocrx_word' id='word_1_258' title='bbox 329 4123 422 4177; x_wconf 81' lang='lat' dir='ltr'>scribi</span> <span class='ocrx_word' id='word_1_259' title='bbox 441 4140 528 4192; x_wconf 86' lang='lat' dir='ltr'>quam</span> <span class='ocrx_word' id='word_1_260' title='bbox 547 4139 565 4176; x_wconf 87' lang='lat' dir='ltr'>a</span> <span class='ocrx_word' id='word_1_261' title='bbox 582 4140 627 4178; x_wconf 90' lang='lat' dir='ltr'>me</span> <span class='ocrx_word' id='word_1_262' title='bbox 646 4125 885 4179; x_wconf 86' lang='lat' dir='ltr'>commendatum:</span> <span class='ocrx_word' id='word_1_263' title='bbox 905 4124 941 4179; x_wconf 89' lang='lat' dir='ltr'>M.</span> <span class='ocrx_word' id='word_1_264' title='bbox 956 4143 1007 4180; x_wconf 80' lang='lat' dir='ltr'>cer</span> <span class='ocrx_word' id='word_1_265' title='bbox 1024 4142 1081 4179; x_wconf 74' lang='lat' dir='ltr'>orm</span> <span class='ocrx_word' id='word_1_266' title='bbox 1090 4126 1207 4194; x_wconf 80' lang='lat' dir='ltr'>pultes?</span> <span class='ocrx_word' id='word_1_267' title='bbox 1235 4126 1267 4180; x_wconf 85' lang='lat' dir='ltr'>A.</span> <span class='ocrx_word' id='word_1_268' title='bbox 1285 4127 1358 4196; x_wconf 76' lang='lat' dir='ltr'>Quia</span> <span class='ocrx_word' id='word_1_269' title='bbox 1372 4143 1428 4181; x_wconf 77' lang='lat' dir='ltr'>oon</span> <span class='ocrx_word' id='word_1_270' title='bbox 1442 4128 1571 4182; x_wconf 77' lang='lat' dir='ltr'>estiatur</span> 
     </span>
     <span class='ocr_line' id='line_1_29' title="bbox 329 4212 1571 4283; baseline 0.003 -17"><span class='ocrx_word' id='word_1_271' title='bbox 329 4229 412 4281; x_wconf 73' lang='lat' dir='ltr'>qoem</span> <span class='ocrx_word' id='word_1_272' title='bbox 435 4229 484 4282; x_wconf 73' lang='lat' dir='ltr'>epo</span> <span class='ocrx_word' id='word_1_273' title='bbox 502 4214 569 4267; x_wconf 83' lang='lat' dir='ltr'>eolo.</span> <span class='ocrx_word' id='word_1_274' title='bbox 603 4212 638 4265; x_wconf 85' lang='lat' dir='ltr'>lli.</span> <span class='ocrx_word' id='word_1_275' title='bbox 657 4215 712 4283; x_wconf 79' lang='lat' dir='ltr'>Qui</span> <span class='ocrx_word' id='word_1_276' title='bbox 729 4214 802 4268; x_wconf 82' lang='lat' dir='ltr'>seis?</span> <span class='ocrx_word' id='word_1_277' title='bbox 836 4217 869 4267; x_wconf 78' lang='lat' dir='ltr'>A.</span> <span class='ocrx_word' id='word_1_278' title='bbox 884 4215 946 4269; x_wconf 80' lang='lat' dir='ltr'>Scio</span> <span class='ocrx_word' id='word_1_279' title='bbox 964 4215 1058 4283; x_wconf 81' lang='lat' dir='ltr'>edepol</span> <span class='ocrx_word' id='word_1_280' title='bbox 1075 4215 1188 4279; x_wconf 73' lang='lat' dir='ltr'>olfacio:</span> <span class='ocrx_word' id='word_1_281' title='bbox 1209 4233 1272 4269; x_wconf 80' lang='lat' dir='ltr'>nam</span> <span class='ocrx_word' id='word_1_282' title='bbox 1293 4216 1374 4270; x_wconf 82' lang='lat' dir='ltr'>odore</span> <span class='ocrx_word' id='word_1_283' title='bbox 1393 4232 1493 4269; x_wconf 65' lang='lat' dir='ltr'>omum</span> <span class='ocrx_word' id='word_1_284' title='bbox 1510 4233 1571 4270; x_wconf 64' lang='lat' dir='ltr'>seu</span> 
     </span>
     <span class='ocr_line' id='line_1_30' title="bbox 329 4300 1570 4374; baseline 0.002 -18"><span class='ocrx_word' id='word_1_285' title='bbox 329 4303 395 4366; x_wconf 68' lang='lat' dir='ltr'>tiae,</span> <span class='ocrx_word' id='word_1_286' title='bbox 414 4302 441 4355; x_wconf 85' lang='lat' dir='ltr'>ei</span> <span class='ocrx_word' id='word_1_287' title='bbox 459 4302 536 4355; x_wconf 82' lang='lat' dir='ltr'>inlus</span> <span class='ocrx_word' id='word_1_288' title='bbox 552 4303 596 4355; x_wconf 84' lang='lat' dir='ltr'>sit.</span> <span class='ocrx_word' id='word_1_289' title='bbox 629 4301 675 4364; x_wconf 77' lang='lat' dir='ltr'>(ef.</span> <span class='ocrx_word' id='word_1_290' title='bbox 690 4300 751 4357; x_wconf 83' lang='lat' dir='ltr'>Ter.</span> <span class='ocrx_word' id='word_1_291' title='bbox 766 4303 852 4356; x_wconf 80' lang='lat' dir='ltr'>Andr.</span> <span class='ocrx_word' id='word_1_292' title='bbox 869 4309 920 4356; x_wconf 75' lang='lat'>³52</span> <span class='ocrx_word' id='word_1_293' title='bbox 941 4304 997 4373; x_wconf 77' lang='lat' dir='ltr'>Qui</span> <span class='ocrx_word' id='word_1_294' title='bbox 1015 4303 1088 4358; x_wconf 77' lang='lat' dir='ltr'>seis?</span> <span class='ocrx_word' id='word_1_295' title='bbox 1112 4303 1145 4356; x_wconf 89' lang='lat' dir='ltr'>D.</span> <span class='ocrx_word' id='word_1_296' title='bbox 1161 4305 1255 4373; x_wconf 83' lang='lat' dir='ltr'>Seio.);</span> <span class='ocrx_word' id='word_1_297' title='bbox 1274 4304 1304 4357; x_wconf 92' lang='lat' dir='ltr'>iu</span> <span class='ocrx_word' id='word_1_298' title='bbox 1323 4320 1412 4371; x_wconf 79' lang='lat' dir='ltr'>esque</span> <span class='ocrx_word' id='word_1_299' title='bbox 1430 4320 1461 4358; x_wconf 91' lang='lat' dir='ltr'>re</span> <span class='ocrx_word' id='word_1_300' title='bbox 1479 4320 1570 4374; x_wconf 87' lang='lat' dir='ltr'>paene</span> 
     </span>
     <span class='ocr_line' id='line_1_31' title="bbox 329 4390 1569 4463; baseline 0.002 -18"><span class='ocrx_word' id='word_1_301' title='bbox 329 4390 538 4445; x_wconf 80' lang='lat' dir='ltr'>assentientem</span> <span class='ocrx_word' id='word_1_302' title='bbox 560 4390 649 4444; x_wconf 83' lang='lat' dir='ltr'>habui</span> <span class='ocrx_word' id='word_1_303' title='bbox 673 4391 807 4455; x_wconf 81' lang='lat' dir='ltr'>Leonem,</span> <span class='ocrx_word' id='word_1_304' title='bbox 830 4391 879 4459; x_wconf 86' lang='lat' dir='ltr'>qui</span> <span class='ocrx_word' id='word_1_305' title='bbox 902 4392 1004 4458; x_wconf 78' lang='lat' dir='ltr'>olfacio</span> <span class='ocrx_word' id='word_1_306' title='bbox 1027 4392 1155 4460; x_wconf 87' lang='lat' dir='ltr'>quidem,</span> <span class='ocrx_word' id='word_1_307' title='bbox 1179 4410 1234 4460; x_wconf 86' lang='lat' dir='ltr'>quo</span> <span class='ocrx_word' id='word_1_308' title='bbox 1258 4392 1330 4447; x_wconf 92' lang='lat' dir='ltr'>nihil</span> <span class='ocrx_word' id='word_1_309' title='bbox 1350 4392 1441 4447; x_wconf 82' lang='lat' dir='ltr'>verius</span> <span class='ocrx_word' id='word_1_310' title='bbox 1461 4395 1505 4446; x_wconf 89' lang='lat' dir='ltr'>est</span> <span class='ocrx_word' id='word_1_311' title='bbox 1524 4392 1569 4463; x_wconf 85' lang='lat' dir='ltr'>(ef.</span> 
     </span>
     <span class='ocr_line' id='line_1_32' title="bbox 331 4480 1570 4551; baseline 0.002 -17"><span class='ocrx_word' id='word_1_312' title='bbox 331 4480 409 4534; x_wconf 76' lang='lat' dir='ltr'>Meu.</span> <span class='ocrx_word' id='word_1_313' title='bbox 420 4499 429 4532; x_wconf 89' lang='lat' dir='ltr'>r</span> <span class='ocrx_word' id='word_1_314' title='bbox 439 4485 465 4544; x_wconf 61' lang='grc' dir='ltr'>ι’,</span> <span class='ocrx_word' id='word_1_315' title='bbox 476 4483 510 4532; x_wconf 78' lang='grc'>53</span> <span class='ocrx_word' id='word_1_316' title='bbox 529 4481 624 4548; x_wconf 79' lang='lat' dir='ltr'>ecquid</span> <span class='ocrx_word' id='word_1_317' title='bbox 639 4488 669 4533; x_wconf 84' lang='lat' dir='ltr'>tu</span> <span class='ocrx_word' id='word_1_318' title='bbox 682 4480 715 4534; x_wconf 88' lang='lat' dir='ltr'>de</span> <span class='ocrx_word' id='word_1_319' title='bbox 728 4481 809 4535; x_wconf 82' lang='lat' dir='ltr'>odere</span> <span class='ocrx_word' id='word_1_320' title='bbox 819 4482 917 4550; x_wconf 84' lang='lat' dir='ltr'>poesis,</span> <span class='ocrx_word' id='word_1_321' title='bbox 931 4481 1024 4550; x_wconf 79' lang='lat' dir='ltr'>siquid</span> <span class='ocrx_word' id='word_1_322' title='bbox 1037 4483 1107 4548; x_wconf 77' lang='lat' dir='ltr'>sorte</span> <span class='ocrx_word' id='word_1_323' title='bbox 1121 4482 1251 4548; x_wconf 61' lang='lat' dir='ltr'>olfecerit,</span> <span class='ocrx_word' id='word_1_324' title='bbox 1264 4484 1354 4550; x_wconf 75' lang='lat' dir='ltr'>faeere</span> <span class='ocrx_word' id='word_1_325' title='bbox 1367 4484 1570 4551; x_wconf 73' lang='lat' dir='ltr'>materteram),</span> 
     </span>
     <span class='ocr_line' id='line_1_33' title="bbox 330 4568 1570 4640; baseline 0.002 -17"><span class='ocrx_word' id='word_1_326' title='bbox 330 4586 445 4623; x_wconf 85' lang='lat' dir='ltr'>meeum</span> <span class='ocrx_word' id='word_1_327' title='bbox 469 4568 594 4623; x_wconf 87' lang='lat' dir='ltr'>retinuit.</span> <span class='ocrx_word' id='word_1_328' title='bbox 626 4569 714 4636; x_wconf 82' lang='lat' dir='ltr'>Atqui</span> <span class='ocrx_word' id='word_1_329' title='bbox 737 4570 831 4639; x_wconf 79' lang='lat' dir='ltr'>ede&#39;pol</span> <span class='ocrx_word' id='word_1_330' title='bbox 852 4569 905 4623; x_wconf 84' lang='lat' dir='ltr'>boe</span> <span class='ocrx_word' id='word_1_331' title='bbox 928 4572 1046 4624; x_wconf 79' lang='lat' dir='ltr'>accentu</span> <span class='ocrx_word' id='word_1_332' title='bbox 1065 4570 1090 4624; x_wconf 88' lang='lat' dir='ltr'>si</span> <span class='ocrx_word' id='word_1_333' title='bbox 1109 4569 1223 4625; x_wconf 86' lang='lat' dir='ltr'>defendi</span> <span class='ocrx_word' id='word_1_334' title='bbox 1242 4588 1299 4625; x_wconf 88' lang='lat' dir='ltr'>nou</span> <span class='ocrx_word' id='word_1_335' title='bbox 1317 4572 1412 4640; x_wconf 87' lang='lat' dir='ltr'>potest</span> <span class='ocrx_word' id='word_1_336' title='bbox 1430 4574 1515 4639; x_wconf 84' lang='lat' dir='ltr'>(quae</span> <span class='ocrx_word' id='word_1_337' title='bbox 1533 4572 1570 4627; x_wconf 91' lang='lat' dir='ltr'>si-</span> 
     </span>
     <span class='ocr_line' id='line_1_34' title="bbox 331 4658 1569 4728; baseline 0.001 -16"><span class='ocrx_word' id='word_1_338' title='bbox 331 4658 416 4712; x_wconf 86' lang='lat' dir='ltr'>milia</span> <span class='ocrx_word' id='word_1_339' title='bbox 434 4661 500 4711; x_wconf 86' lang='lat' dir='ltr'>sunt</span> <span class='ocrx_word' id='word_1_340' title='bbox 519 4660 569 4711; x_wconf 89' lang='lat' dir='ltr'>aut</span> <span class='ocrx_word' id='word_1_341' title='bbox 587 4674 648 4712; x_wconf 85' lang='lat' dir='ltr'>esse</span> <span class='ocrx_word' id='word_1_342' title='bbox 666 4658 818 4712; x_wconf 84' lang='lat' dir='ltr'>ereduntur</span> <span class='ocrx_word' id='word_1_343' title='bbox 835 4675 892 4712; x_wconf 89' lang='lat' dir='ltr'>nou</span> <span class='ocrx_word' id='word_1_344' title='bbox 910 4659 1033 4728; x_wconf 84' lang='lat' dir='ltr'>ignoro),</span> <span class='ocrx_word' id='word_1_345' title='bbox 1057 4660 1086 4712; x_wconf 91' lang='lat' dir='ltr'>in</span> <span class='ocrx_word' id='word_1_346' title='bbox 1105 4659 1212 4715; x_wconf 85' lang='lat' dir='ltr'>incerto</span> <span class='ocrx_word' id='word_1_347' title='bbox 1231 4659 1302 4714; x_wconf 87' lang='lat' dir='ltr'>haee</span> <span class='ocrx_word' id='word_1_348' title='bbox 1321 4676 1364 4714; x_wconf 91' lang='lat' dir='ltr'>res</span> <span class='ocrx_word' id='word_1_349' title='bbox 1383 4659 1569 4728; x_wconf 87' lang='lat' dir='ltr'>relinquenda</span> 
     </span>
     <span class='ocr_line' id='line_1_35' title="bbox 331 4747 1570 4817; baseline 0 -15"><span class='ocrx_word' id='word_1_350' title='bbox 331 4751 390 4802; x_wconf 83' lang='lat' dir='ltr'>est:</span> <span class='ocrx_word' id='word_1_351' title='bbox 411 4763 477 4800; x_wconf 88' lang='lat' dir='ltr'>uam</span> <span class='ocrx_word' id='word_1_352' title='bbox 497 4763 569 4815; x_wconf 89' lang='lat' dir='ltr'>quae</span> <span class='ocrx_word' id='word_1_353' title='bbox 588 4751 735 4815; x_wconf 87' lang='lat' dir='ltr'>praeterea</span> <span class='ocrx_word' id='word_1_354' title='bbox 753 4748 898 4817; x_wconf 88' lang='lat' dir='ltr'>proposita</span> <span class='ocrx_word' id='word_1_355' title='bbox 916 4747 984 4815; x_wconf 84' lang='lat' dir='ltr'>vidi,</span> <span class='ocrx_word' id='word_1_356' title='bbox 1003 4764 1075 4815; x_wconf 87' lang='lat' dir='ltr'>quae</span> <span class='ocrx_word' id='word_1_357' title='bbox 1094 4748 1262 4817; x_wconf 79' lang='lat' dir='ltr'>praesertim</span> <span class='ocrx_word' id='word_1_358' title='bbox 1280 4750 1382 4816; x_wconf 80' lang='lat' dir='ltr'>olfacio</span> <span class='ocrx_word' id='word_1_359' title='bbox 1401 4748 1570 4815; x_wconf 79' lang='lat' dir='ltr'>destituunt,</span> 
     </span>
     <span class='ocr_line' id='line_1_36' title="bbox 331 4835 1570 4906; baseline 0.001 -18"><span class='ocrx_word' id='word_1_360' title='bbox 331 4835 435 4889; x_wconf 90' lang='lat' dir='ltr'>dubito</span> <span class='ocrx_word' id='word_1_361' title='bbox 458 4852 544 4903; x_wconf 74' lang='lat' dir='ltr'>quam</span> <span class='ocrx_word' id='word_1_362' title='bbox 566 4835 726 4905; x_wconf 84' lang='lat' dir='ltr'>probabilia</span> <span class='ocrx_word' id='word_1_363' title='bbox 747 4837 811 4889; x_wconf 89' lang='lat' dir='ltr'>sint.</span> <span class='ocrx_word' id='word_1_364' title='bbox 845 4835 905 4905; x_wconf 81' lang='lat' dir='ltr'>Ego</span> <span class='ocrx_word' id='word_1_365' title='bbox 924 4836 1000 4905; x_wconf 93' lang='lat' dir='ltr'>quod</span> <span class='ocrx_word' id='word_1_366' title='bbox 1018 4838 1102 4892; x_wconf 80' lang='lat' dir='ltr'>hercle</span> <span class='ocrx_word' id='word_1_367' title='bbox 1121 4854 1172 4906; x_wconf 87' lang='lat' dir='ltr'>pro</span> <span class='ocrx_word' id='word_1_368' title='bbox 1191 4839 1285 4906; x_wconf 81' lang='lat' dir='ltr'>edepol</span> <span class='ocrx_word' id='word_1_369' title='bbox 1302 4836 1508 4891; x_wconf 88' lang='lat' dir='ltr'>restituendum</span> <span class='ocrx_word' id='word_1_370' title='bbox 1527 4838 1570 4889; x_wconf 91' lang='lat' dir='ltr'>id-</span> 
     </span>
     <span class='ocr_line' id='line_1_37' title="bbox 331 4923 1568 4995; baseline 0.001 -17"><span class='ocrx_word' id='word_1_371' title='bbox 331 4941 391 4993; x_wconf 88' lang='lat' dir='ltr'>que</span> <span class='ocrx_word' id='word_1_372' title='bbox 413 4924 525 4978; x_wconf 80' lang='lat' dir='ltr'>mulieri</span> <span class='ocrx_word' id='word_1_373' title='bbox 548 4923 673 4977; x_wconf 87' lang='lat' dir='ltr'>dandum</span> <span class='ocrx_word' id='word_1_374' title='bbox 696 4924 845 4993; x_wconf 80' lang='lat' dir='ltr'>opinabar,</span> <span class='ocrx_word' id='word_1_375' title='bbox 869 4925 1059 4980; x_wconf 81' lang='lat' dir='ltr'>reiectaneum</span> <span class='ocrx_word' id='word_1_376' title='bbox 1082 4925 1170 4980; x_wconf 87' lang='lat' dir='ltr'>fuisse</span> <span class='ocrx_word' id='word_1_377' title='bbox 1194 4925 1391 4980; x_wconf 78' lang='lat' dir='ltr'>Fleckeisenus</span> <span class='ocrx_word' id='word_1_378' title='bbox 1415 4926 1455 4995; x_wconf 90' lang='lat' dir='ltr'>(in</span> <span class='ocrx_word' id='word_1_379' title='bbox 1475 4925 1568 4980; x_wconf 85' lang='lat' dir='ltr'>annal.</span> 
     </span>
     <span class='ocr_line' id='line_1_38' title="bbox 333 5012 1570 5083; baseline 0.003 -17"><span class='ocrx_word' id='word_1_380' title='bbox 333 5016 525 5082; x_wconf 72' lang='lat' dir='ltr'>resapere)</span> <span class='ocrx_word' id='word_1_381' title='bbox 545 5013 674 5082; x_wconf 83' lang='lat' dir='ltr'>coarguit</span> <span class='ocrx_word' id='word_1_382' title='bbox 692 5029 725 5067; x_wconf 91' lang='lat' dir='ltr'>eo</span> <span class='ocrx_word' id='word_1_383' title='bbox 744 5016 910 5083; x_wconf 88' lang='lat' dir='ltr'>argumento</span> <span class='ocrx_word' id='word_1_384' title='bbox 929 5012 1005 5080; x_wconf 82' lang='lat' dir='ltr'>quod</span> <span class='ocrx_word' id='word_1_385' title='bbox 1023 5015 1096 5067; x_wconf 90' lang='lat' dir='ltr'>teste</span> <span class='ocrx_word' id='word_1_386' title='bbox 1115 5012 1207 5069; x_wconf 85' lang='lat' dir='ltr'>Gellio</span> <span class='ocrx_word' id='word_1_387' title='bbox 1226 5015 1351 5069; x_wconf 60' lang='lat' dir='ltr'>aroteres</span> <span class='ocrx_word' id='word_1_388' title='bbox 1367 5014 1508 5069; x_wconf 83' lang='lat' dir='ltr'>Romanas</span> <span class='ocrx_word' id='word_1_389' title='bbox 1517 5032 1570 5083; x_wconf 78' lang='lat' dir='ltr'>per</span> 
     </span>
     <span class='ocr_line' id='line_1_39' title="bbox 332 5100 1569 5172; baseline 0.002 -17"><span class='ocrx_word' id='word_1_390' title='bbox 332 5101 482 5155; x_wconf 76' lang='lat' dir='ltr'>Herculem</span> <span class='ocrx_word' id='word_1_391' title='bbox 504 5119 560 5155; x_wconf 78' lang='lat' dir='ltr'>aon</span> <span class='ocrx_word' id='word_1_392' title='bbox 583 5102 750 5156; x_wconf 58' lang='lat' dir='ltr'>deerevere</span> <span class='ocrx_word' id='word_1_393' title='bbox 773 5104 922 5156; x_wconf 85' lang='lat' dir='ltr'>constaret.</span> <span class='ocrx_word' id='word_1_394' title='bbox 961 5100 1002 5155; x_wconf 81' lang='lat' dir='ltr'>uf.</span> <span class='ocrx_word' id='word_1_395' title='bbox 1023 5101 1165 5157; x_wconf 87' lang='lat' dir='ltr'>Charisius</span> <span class='ocrx_word' id='word_1_396' title='bbox 1191 5121 1216 5172; x_wconf 95' lang='lat' dir='ltr'>p.</span> <span class='ocrx_word' id='word_1_397' title='bbox 1239 5109 1302 5168; x_wconf 81' lang='lat'>198,</span> <span class='ocrx_word' id='word_1_398' title='bbox 1324 5108 1356 5156; x_wconf 86' lang='lat'>18</span> <span class='ocrx_word' id='word_1_399' title='bbox 1367 5103 1399 5155; x_wconf 86' lang='lat' dir='ltr'>K.</span> <span class='ocrx_word' id='word_1_400' title='bbox 1437 5104 1478 5156; x_wconf 81' lang='lat' dir='ltr'>Aa</span> <span class='ocrx_word' id='word_1_401' title='bbox 1500 5102 1569 5157; x_wconf 87' lang='lat' dir='ltr'>lieet</span> 
     </span>
     <span class='ocr_line' id='line_1_40' title="bbox 331 5188 1570 5260; baseline 0.001 -16"><span class='ocrx_word' id='word_1_402' title='bbox 331 5188 464 5259; x_wconf 78' lang='lat' dir='ltr'>exempla</span> <span class='ocrx_word' id='word_1_403' title='bbox 483 5193 595 5245; x_wconf 83' lang='lat' dir='ltr'>exstent</span> <span class='ocrx_word' id='word_1_404' title='bbox 612 5190 689 5258; x_wconf 84' lang='lat' dir='ltr'>apud</span> <span class='ocrx_word' id='word_1_405' title='bbox 708 5189 849 5255; x_wconf 86' lang='lat' dir='ltr'>Plautum,</span> <span class='ocrx_word' id='word_1_406' title='bbox 868 5206 1011 5259; x_wconf 83' lang='lat' dir='ltr'>perpauca</span> <span class='ocrx_word' id='word_1_407' title='bbox 1024 5191 1138 5258; x_wconf 88' lang='lat' dir='ltr'>quidam</span> <span class='ocrx_word' id='word_1_408' title='bbox 1152 5208 1205 5246; x_wconf 86' lang='lat' dir='ltr'>nee</span> <span class='ocrx_word' id='word_1_409' title='bbox 1219 5208 1254 5247; x_wconf 90' lang='lat' dir='ltr'>ea</span> <span class='ocrx_word' id='word_1_410' title='bbox 1267 5194 1345 5245; x_wconf 87' lang='lat' dir='ltr'>eerta</span> <span class='ocrx_word' id='word_1_411' title='bbox 1360 5191 1433 5260; x_wconf 82' lang='lat' dir='ltr'>(vide</span> <span class='ocrx_word' id='word_1_412' title='bbox 1447 5190 1570 5245; x_wconf 84' lang='lat' dir='ltr'>maxime</span> 
     </span>
     <span class='ocr_line' id='line_1_41' title="bbox 331 5277 1571 5350; baseline 0.001 -17"><span class='ocrx_word' id='word_1_413' title='bbox 331 5277 442 5333; x_wconf 78' lang='lat' dir='ltr'>Cistell.</span> <span class='ocrx_word' id='word_1_414' title='bbox 458 5297 468 5330; x_wconf 92' lang='lat' dir='ltr'>r</span> <span class='ocrx_word' id='word_1_415' title='bbox 483 5286 507 5345; x_wconf 87' lang='lat'>1,</span> <span class='ocrx_word' id='word_1_416' title='bbox 522 5283 566 5347; x_wconf 74' lang='lat'>54)</span> <span class='ocrx_word' id='word_1_417' title='bbox 586 5281 615 5333; x_wconf 86' lang='lat' dir='ltr'>et</span> <span class='ocrx_word' id='word_1_418' title='bbox 634 5278 701 5332; x_wconf 85' lang='lat' dir='ltr'>lieet</span> <span class='ocrx_word' id='word_1_419' title='bbox 720 5278 827 5333; x_wconf 83' lang='lat' dir='ltr'>Gallius</span> <span class='ocrx_word' id='word_1_420' title='bbox 846 5280 889 5333; x_wconf 90' lang='lat' dir='ltr'>ita</span> <span class='ocrx_word' id='word_1_421' title='bbox 907 5279 1015 5333; x_wconf 89' lang='lat' dir='ltr'>scribat</span> <span class='ocrx_word' id='word_1_422' title='bbox 1033 5286 1132 5347; x_wconf 81' lang='lat' dir='ltr'><strong>x16‚3</strong></span> <span class='ocrx_word' id='word_1_423' title='bbox 1151 5298 1288 5350; x_wconf 72' lang='grc' dir='ltr'><strong><em>ηιιεφιαηι</em></strong></span> <span class='ocrx_word' id='word_1_424' title='bbox 1300 5282 1433 5348; x_wconf 76' lang='lat' dir='ltr'>seriptum</span> <span class='ocrx_word' id='word_1_425' title='bbox 1447 5281 1571 5334; x_wconf 77' lang='lat' dir='ltr'>inuenire</span> 
     </span>
     <span class='ocr_line' id='line_1_42' title="bbox 330 5368 1571 5437; baseline -0.001 -14"><span class='ocrx_word' id='word_1_426' title='bbox 330 5376 371 5423; x_wconf 74' lang='lat' dir='ltr'>est</span> <span class='ocrx_word' id='word_1_427' title='bbox 388 5368 467 5436; x_wconf 72' lang='lat' dir='ltr'>apud</span> <span class='ocrx_word' id='word_1_428' title='bbox 476 5368 587 5423; x_wconf 69' lang='grc' dir='ltr'>ι’ἀοηεοε</span> <span class='ocrx_word' id='word_1_429' title='bbox 596 5368 704 5437; x_wconf 70' lang='lat' dir='ltr'>quiden</span> <span class='ocrx_word' id='word_1_430' title='bbox 713 5370 857 5437; x_wconf 82' lang='lat' dir='ltr'>scriptores</span> <span class='ocrx_word' id='word_1_431' title='bbox 866 5376 917 5425; x_wconf 78' lang='lat' dir='ltr'>aut</span> <span class='ocrx_word' id='word_1_432' title='bbox 925 5369 1082 5423; x_wconf 76' lang='lat' dir='ltr'>mehercle</span> <span class='ocrx_word' id='word_1_433' title='bbox 1095 5370 1228 5435; x_wconf 70' lang='lat' dir='ltr'>sentinam</span> <span class='ocrx_word' id='word_1_434' title='bbox 1237 5370 1326 5424; x_wconf 73' lang='lat' dir='ltr'>disere</span> <span class='ocrx_word' id='word_1_435' title='bbox 1335 5376 1385 5423; x_wconf 74' lang='lat' dir='ltr'>arel</span> <span class='ocrx_word' id='word_1_436' title='bbox 1398 5387 1444 5423; x_wconf 82' lang='lat' dir='ltr'>me</span> <span class='ocrx_word' id='word_1_437' title='bbox 1458 5375 1571 5424; x_wconf 83' lang='lat' dir='ltr'>castor</span> 
     </span>
    </p>
   </div>
   <div class='ocr_carea' id='block_1_4' title="bbox 0 0 1968 6675">
    <p class='ocr_par' dir='ltr' id='par_1_4' title="bbox 0 0 1968 6675">
     <span class='ocr_line' id='line_1_43' title="bbox 0 0 1968 6675; baseline 0 0"><span class='ocrx_word' id='word_1_438' title='bbox 0 0 1968 6675; x_wconf 95' lang='lat' dir='ltr'> </span> 
     </span>
    </p>
   </div>
  </div>
 </body>
</html>
