3925 6675
419 1092 488 1156 432
644 1096 701 1145 nv.
720 1095 836 1145 musa
853 1095 1068 1146 naumonuu
1087 1095 1320 1148 ausurvanuu
1340 1099 1418 1148 roos.

420 1255 549 1340 publica
572 1253 676 1342 (136)
701 1277 782 1340 quae
805 1257 839 1319 in
862 1255 1002 1320 editione
1025 1255 1194 1320 Turiceasi
1217 1257 1318 1321 altera
1341 1280 1367 1322 a.
1390 1257 1473 1322 1861
1499 1257 1545 1323 sic
1568 1257 1655 1322 edita

421 1363 561 1427 suntab
585 1361 715 1427 Halmio

584 1468 615 1534 S.
648 1470 802 1535 Imitabor
823 1491 893 1552 erpo
916 1469 1063 1548 Arctum,
1086 1472 1141 1552 qui
1164 1472 1289 1553 mopnis
1311 1471 1349 1536 dc
1370 1471 1459 1537 rebus
1482 1471 1582 1537 dicere
1604 1493 1655 1538 ec·

582 1578 708 1642 ordiens
725 1599 747 1641 a
766 1577 838 1642 love
855 1577 1069 1659 mapiendnm
1086 1583 1189 1658 putat.
1230 1577 1265 1643 L.
1303 1579 1368 1660 Quo
1388 1577 1481 1644 Ioue?
1505 1584 1560 1644 ont
1578 1579 1657 1662 quid

582 1684 671 1748 iubet
693 1684 782 1749 mins
804 1685 957 1749 carminis
978 1684 1081 1748 simia
1102 1684 1178 1749 hacc
1199 1684 1321 1750 oratio?
1368 1682 1399 1748 S.
1431 1687 1582 1764 Tanna,
1605 1687 1655 1752 in·

582 1794 657 1872 quit,
675 1797 710 1855 nt
726 1794 786 1856 rite
805 1791 845 1856 ob
858 1812 891 1856 co
909 1791 1034 1856 dicendi
1046 1792 1243 1873 prinicipium
1262 1793 1433 1877 capiamus,
1451 1813 1541 1874 quem
1556 1815 1654 1858 mrum

582 1901 722 1964 omnium
737 1899 863 1963 deomm
882 1904 909 1963 ct
926 1899 1087 1964 moinum
1106 1919 1207 1980 nepem
1226 1919 1289 1964 csse
1306 1919 1410 1965 omnes
1428 1900 1510 1964 docti
1529 1900 1657 1966 inciocti·

583 2027 640 2087 que
656 2007 780 2087 pariter
802 2007 1003 2070 maanaim.

424 2111 591 2178 Sententia
613 2113 723 2177 eadem
746 2112 812 2177 fere
836 2117 884 2177 est
908 2134 1003 2196 quam
1029 2111 1140 2177 Cicero
1164 2113 1196 2176 in
1221 2112 1362 2199 Legibus
1386 2114 1553 2197 expressit,
1583 2133 1656 2178 cum

384 2255 410 2295 ω
423 2222 470 2284 ita
489 2220 609 2286 diceret
628 2219 667 2307 (11
681 2218 757 2305 est)
777 2219 819 2283 M.
840 2220 883 2284 ‘A
901 2220 974 2285 Ioue
988 2220 1160 2285 Musarum
1173 2220 1377 2302 primordic’,
1395 2221 1475 2286 siem
1494 2223 1528 2286 in
1541 2221 1656 2286 Aratio

424 2329 564 2392 ommino
585 2329 649 2392 orsi
671 2347 787 2392 sumus.
833 2325 869 2403 Q.
906 2328 1060 2408 &ursum
1082 2326 1185 2392 mm?
1230 2325 1272 2392 M
1310 2327 1393 2408 Quia
1415 2347 1498 2394 nnnc
1520 2329 1593 2392 item
1616 2327 1656 2392 ab

424 2435 526 2499 codem
554 2440 581 2499 et
608 2455 630 2498 c
656 2435 762 2499 ceteris
792 2434 858 2498 diis
888 2434 1118 2500 immortalibm
1146 2440 1219 2499 ment
1245 2435 1335 2500 nobis
1361 2435 1476 2517 apcndi
1503 2435 1655 2516 capiendo

416 2541 616 2623 primordio:
646 2539 731 2604 unde
753 2539 893 2624 primum
917 2539 1066 2605 Halmius
1090 2541 1270 2627 intelligere
1293 2545 1420 2626 poterat
1442 2563 1508 2609 non
1530 2545 1615 2606 recte
1638 2564 1656 2606 a

423 2668 459 2712 ae
471 2648 669 2730 principiano
688 2649 853 2729 capiamus
870 2649 1027 2732 scriptum
1046 2669 1115 2712 esse
1134 2670 1193 2732 pro
1208 2669 1246 2713 eo
1261 2648 1348 2732 quod
1362 2647 1480 2714 codicis
1499 2648 1657 2733 scriptura

425 2754 626 2819 indicabatur
638 2755 804 2836 principio
817 2755 988 2835 capiemus.
1019 2753 1132 2838 Itaque
1147 2752 1256 2838 Scipio
1271 2754 1482 2838 Aemilianus,
1501 2755 1557 2839 qui
1570 2755 1657 2840 prin·

423 2882 500 2946 ceps
523 2865 573 2926 est
595 2860 691 2926 haim
714 2861 879 2943 sermonis,
901 2865 1112 2945 posteaquam
1136 2861 1267 2926 difficile
1291 2883 1358 2928 esse
1378 2863 1527 2945 exposuit
1544 2883 1584 2928 ex
1602 2861 1658 2928 tri·

425 2968 487 3032 bus
507 2991 588 3053 quae
604 2970 740 3033 secrevit
754 2968 925 3054 generibus
944 2968 1085 3032 civitatis
1104 2968 1222 3054 eligere
1242 2969 1329 3052 quod
1347 2969 1551 3054 potissimum
1565 2971 1658 3052 esset,

425 3076 473 3141 itu
495 3077 626 3141 caritate
646 3096 703 3140 nos
725 3076 854 3157 copiam
875 3095 967 3157 repes,
991 3075 1118 3140 consilio
1138 3077 1307 3156 optimates,
1331 3076 1469 3142 libertato
1487 3076 1607 3158 populi,
1624 3083 1660 3140 nt

426 3185 463 3247 in
490 3183 699 3264 coraporando
727 3181 858 3265 difficile
884 3182 929 3246 ad
955 3181 1130 3264 elipandum
1157 3183 1198 3247 eit
1227 3175 1322 3264 mcoo'
1332 3185 1469 3248 manime
1489 3182 1577 3262 odis,
1606 3182 1659 3247 ad·

385 3321 413 3362 ,ο
427 3293 578 3356 monente
593 3289 702 3355 Laelio
715 3290 771 3356 scd
788 3289 928 3371 expediri
947 3309 1027 3371 pune
1049 3295 1168 3356 restant
1186 3290 1239 3355 cia
1252 3295 1399 3373 poterunt
1415 3291 1445 3357 si
1462 3290 1517 3357 hoc
1534 3289 1659 3357 mmcc-

425 3404 492 3462 tnm
518 3398 695 3479 reliqueris,
729 3397 802 3461 dein
830 3396 870 3460 ab
894 3395 986 3461 Arati
1014 3397 1155 3463 carmine
1183 3420 1314 3463 exorsus
1342 3398 1375 3463 id
1400 3399 1481 3485 agit,
1512 3402 1550 3463 ut
1572 3396 1658 3464 Iovis

425 3505 574 3588 exemplo
594 3504 707 3569 doceat
720 3502 803 3567 nihil
821 3502 1015 3587 praeclarius
1034 3524 1103 3568 esse
1119 3504 1202 3569 inter
1220 3503 1365 3569 homines
1380 3504 1545 3571 dominatu
1560 3506 1658 3591 regio.

515 3608 675 3675 Universa
703 3609 863 3674 sententia
889 3608 1049 3694 patefacta
1077 3610 1292 3695 quaerendum
1321 3615 1370 3677 est
1399 3612 1438 3677 de
1461 3610 1567 3677 verbis
1594 3612 1660 3695 Quo

428 3717 532 3795 Ioue?,
556 3718 590 3781 in
614 3716 731 3800 quibus
755 3716 842 3782 docti
864 3716 1012 3781 homines
1035 3718 1125 3783 miris
1149 3718 1252 3783 modis
1271 3718 1467 3801 titubarunt3
1490 3718 1579 3785 velut
1597 3718 1660 3785 init

426 3826 485 3909 qni
507 3824 591 3889 hanc
614 3824 744 3889 ‘miram
767 3825 1071 3911 interrogationem’
1097 3846 1192 3909 quam
1217 3826 1296 3893 dicit
1319 3826 1366 3891 sic
1388 3826 1658 3911 interpretandam

428 3937 573 3997 censeret
599 3953 735 4014 mmmm
758 3932 831 3997 Ioue
853 3934 905 3997 vel
930 3952 1069 4014 mmnom
1092 3934 1214 3998 ratione
1235 3954 1304 3997 enm
1327 3939 1483 4015 spectans·
1514 3932 1600 4017 quod
1623 3940 1660 3998 ut

427 4040 556 4125 planius
579 4039 730 4121 efficeret,
752 4039 836 4103 idem
855 4038 1022 4121 patiore?
1047 4038 1259 4123 scribendum,
1281 4042 1363 4105 alter
1381 4042 1437 4124 qui
1456 4040 1504 4107 ilii
1524 4041 1659 4107 succinit

429 4147 604 4231 complosis
631 4144 779 4211 manibus
807 4146 916 4210 eadem
944 4146 1102 4211 sententia
1131 4147 1186 4228 qni
1213 4168 1235 4211 a
1258 4148 1330 4213 Iove
1358 4152 1412 4215 aut
1440 4148 1519 4230 qnid
1544 4170 1565 4211 o
1589 4147 1660 4214 Ioue

429 4255 606 4339 proposuit.
644 4252 712 4317 Has
735 4254 882 4337 ineptias,
905 4274 985 4336 quas
1009 4274 1049 4317 ne
1068 4252 1218 4319 Halmius
1243 4254 1372 4337 quidem
1396 4276 1415 4318 a
1434 4277 1492 4321 suo
1512 4258 1659 4341 exemplo

386 4388 416 4429 m
429 4362 543 4446 procul
565 4360 688 4443 habuit,
713 4360 769 4443 qui
792 4359 922 4423 sedulus
940 4382 980 4423 ne
1001 4358 1080 4442 quid
1098 4360 1218 4443 periret
1237 4361 1391 4445 explicuit
1410 4359 1557 4427 Osannus
1577 4365 1659 4429 serio

429 4470 540 4551 quaeri
563 4466 762 4531 existimarit
779 4490 798 4530 a
816 4488 880 4549 quo
899 4464 976 4530 Iove
995 4465 1212 4549 incipiendum
1236 4472 1320 4533 esset
1337 4468 1488 4535 nimirum
1508 4468 1562 4535 ‘ob
1581 4470 1661 4534 mul·

428 4578 479 4638 tas
498 4574 703 4657 diversasque
723 4574 858 4638 virtutes
878 4594 959 4657 quae
979 4570 1048 4637 Iovi
1068 4574 1340 4641 attribuerentur'.
1373 4573 1434 4651 Qui
1455 4580 1561 4641 tamen
1580 4574 1659 4643 illud

429 4702 529 4744 unum
564 4684 649 4746 recte
681 4679 849 4744 admonuit
880 4680 1150 4763 praepositionem
1184 4681 1217 4745 in
1250 4681 1313 4745 ista
1340 4683 1592 4768 interrogatione
1620 4706 1659 4747 ex

428 4787 594 4872 superiore
626 4786 785 4851 sententia
816 4786 1020 4871 repetendam
1053 4808 1119 4851 non
1149 4787 1256 4852 fuisse.
1307 4786 1399 4853 Unus
1428 4788 1583 4875 Orellius,
1605 4792 1660 4873 qui

429 4894 587 4977 quidquid
610 4894 650 4957 de
673 4916 710 4959 eo
734 4895 908 4978 opinantur
929 4916 995 4958 non
1019 4916 1090 4959 raro
1114 4894 1254 4979 simplici
1278 4916 1314 4959 ac
1334 4902 1420 4961 recto
1445 4896 1564 4963 iudicio
1585 4916 1660 4961 usus

430 5006 488 5083 est,
511 5022 583 5065 cum
607 5001 705 5065 verba
727 5000 846 5065 tradita
868 5002 902 5064 in
926 5002 1011 5065 hunc
1035 5000 1164 5067 modum
1189 5001 1328 5067 reddidit
1353 5001 1418 5069 Gur
1434 5004 1562 5069 macen
1581 5004 1662 5070 dicis

428 5131 452 5173 a
480 5108 552 5174 Ioue
578 5110 715 5174 fortasse
743 5107 865 5192 aliquid
893 5106 975 5171 dixit
1003 5106 1089 5191 quod
1117 5108 1155 5171 ad
1184 5131 1250 5175 rem
1278 5110 1466 5193 pertineret,
1498 5108 1552 5175 sed
1577 5114 1661 5175 certe

432 5215 556 5280 dicendi
581 5216 736 5280 rationem
762 5238 827 5281 non
850 5215 1021 5300 perspexit.
1064 5212 1177 5298 Neque
1197 5214 1334 5281 vidimus
1354 5217 1437 5283 inter
1455 5220 1505 5282 tot
1523 5216 1661 5283 editores

429 5327 488 5387 aut
514 5322 706 5408 interpretes
730 5321 894 5387 Ciceronis
922 5326 954 5387 et
981 5320 1096 5386 horum
1125 5320 1162 5384 de
1190 5344 1224 5387 re
1252 5320 1382 5407 publica
1411 5322 1582 5407 librorum,
1605 5325 1661 5409 qui
