3925 6675
516 1127 566 1178 DE
583 1127 682 1179 VOCE
701 1127 964 1179 CONTROVERSA
982 1128 1021 1178 IN
1040 1127 1218 1179 PLATONIS
1235 1128 1443 1180 PHAEDONE.
1487 1164 1490 1170 «
1530 1126 1595 1189 213

358 1287 483 1353 licebat
510 1289 656 1353 seiuncta
682 1288 781 1353 fuerit
804 1310 875 1352 cum
900 1289 946 1353 ita
968 1288 1129 1355 describat
1152 1287 1299 1354 Socrates
1322 1285 1389 1375 (52,
1409 1289 1444 1376 9)
1468 1279 1503 1354 ol
1524 1289 1598 1373 ιἰφι-

359 1394 486 1481 κομένη
505 1394 646 1480 ὑπάρχει
666 1395 750 1482 αὐτῇ
767 1396 941 1477 εὐδαίμονι
957 1388 1054 1478 εἶναι,
1072 1396 1199 1480 πλάνης
1213 1395 1268 1460 καὶ
1283 1395 1398 1473 ἀνοίας
1412 1393 1467 1460 καί
1481 1398 1599 1479 φόβων

359 1500 415 1566 καί
439 1501 570 1585 ἀγρίων
592 1501 724 1587 έρώτων
746 1503 801 1568 καί
824 1513 892 1568 τῶν
914 1504 1025 1568 ἄλλων
1043 1514 1154 1568 κακῶν
1172 1514 1240 1568 τῶν
1258 1502 1481 1587 ἀνθρωπείων
1498 1502 1599 1586 άπηλ-

330 1607 526 1695 ιλαγμέεη,
550 1612 582 1673 et
609 1608 686 1674 huic
713 1611 837 1674 animae
863 1613 1006 1693 opponat
1029 1609 1165 1674 alterum
1188 1631 1290 1697 genus
1315 1631 1423 1674 earum
1448 1631 1528 1694 quae
1552 1608 1599 1673 in-

360 1716 448 1779 vitae
476 1737 512 1780 se
539 1717 680 1800 separari
709 1739 728 1780 a
755 1716 945 1800 corporibus
968 1738 1081 1801 passae
1104 1719 1181 1781 sunt
1203 1720 1237 1781 et
1258 1716 1342 1782 hanc
1364 1717 1599 1801 separationem

361 1821 538 1888 clementer
564 1823 701 1888 tolerare
728 1845 794 1888 non
822 1827 959 1906 possunt
987 1822 1031 1910 (p.
1051 1823 1108 1908 53,
1127 1822 1163 1911 2)
1191 1823 1280 1889 οὕτω
1305 1824 1346 1907 δὴ
1370 1820 1514 1908 ἔχουσαν
1537 1828 1600 1888 οἴει

362 1931 475 2014 ψυχὴν
507 1930 614 2013 αὐτὴν
642 1928 721 1994 καθ’
752 1929 857 2013 αὐτὴν
885 1932 1047 2014 εἰλικρινῆ
1074 1929 1336 2015 ἀπαλλάξεσθαι,
1363 1968 1407 1976 -
1428 1929 1524 1995 Ἀλλά
1553 1930 1600 1994 δι-

364 2035 567 2121 ειλημμένην
593 2061 631 2120 γε
658 2029 749 2121 οίμαι
776 2037 842 2102 ὑπὸ
865 2045 926 2102 τοῦ
949 2039 1208 2120 σωματοειδοῦς,
1237 2037 1254 2103 ὃ
1279 2037 1362 2124 αὐτῇ
1385 2035 1406 2120 ἡ
1430 2037 1543 2122 ὁμιλία
1565 2059 1600 2100 τε

364 2142 417 2208 καὶ
441 2142 605 2221 ξυνουσία
625 2153 686 2209 τοῦ
706 2146 855 2228 σώματος
874 2144 987 2210 διὰτὸ
1007 2142 1058 2210 dei
1077 2142 1226 2222 ξυνεῖναι
1245 2144 1299 2209 καὶ
1319 2145 1375 2209 διὰ
1393 2145 1454 2228 τὴν
1472 2145 1600 2227 πολλὴν

366 2250 504 2336 μελέτην
533 2248 705 2335 ἐνεποίησε
734 2250 917 2335 ξύμφυτον.
941 2289 984 2298 -
1004 2249 1182 2336 Ἐμβρνθὲς
1210 2250 1250 2316 δέ
1274 2274 1312 2335 γε
1339 2260 1439 2316 τοῦτο
1468 2256 1600 2315 οίεσθαι
1615 2279 1641 2320 ιο

370 2360 426 2442 χρτ)
455 2350 542 2424 εἶναι
570 2357 625 2423 καί
652 2360 741 2443 βαρὺ
768 2359 823 2423 καί
850 2359 973 2442 γεῶδες
999 2356 1055 2424 καὶ
1083 2358 1218 2443 ὁρατόν·
1247 2357 1265 2423 ὃ
1292 2360 1332 2443 δι)
1356 2356 1411 2423 καί
1435 2355 1557 2441 ἔχουσα
1580 2355 1600 2440 ι)

371 2466 501 2549 τοιαύτη
519 2466 610 2550 ψυχὴ
628 2465 810 2549 βαρῦνεταί
825 2487 861 2529 τε
878 2462 934 2530 καὶ
952 2463 1080 2530 ἕλκεται
1098 2466 1201 2530 πάλιν
1219 2467 1267 2542 είς
1284 2466 1344 2531 τὸν
1363 2464 1485 2548 ὁρατὸν
1498 2465 1602 2528 τόπον

375 2574 462 2659 φόβῳ
487 2581 548 2637 τοῦ
571 2571 705 2649 ἀειδοῦς
727 2595 762 2637 τε
784 2569 839 2636 καί
855 2568 966 2637 Ἅιδου
989 2569 1043 2658 (cf.
1063 2594 1093 2656 p.
1115 2571 1193 2654 107,
1215 2570 1600 2656 15-108‚13Bekk.)

377 2714 414 2723 —
434 2678 512 2743 haec
535 2701 609 2745 cum
632 2680 676 2743 sit
699 2676 842 2743 Socratis
866 2679 1034 2763 sententia,
1058 2677 1302 2764 intelligiturne,
1325 2677 1512 2763 philosophi
1536 2677 1601 2741 ani-

381 2805 452 2849 mam
473 2807 539 2850 non
561 2784 625 2850 hoc
647 2784 752 2851 solum
775 2806 871 2872 agere
894 2789 927 2849 et
949 2785 1111 2866 meditari,
1139 2790 1176 2849 ut
1198 2789 1325 2850 mortua
1348 2786 1404 2868 sit,
1426 2784 1489 2849 hoc
1511 2788 1560 2848 esi
1583 2807 1603 2847 a

385 2911 503 2975 corpore
521 2897 654 2976 secreta,
672 2892 728 2956 sed
745 2897 791 2976 ut,
809 2897 937 2957 mortua
956 2915 1030 2958 cum
1050 2893 1100 2976 sit,
1119 2892 1233 2956 lubens
1253 2892 1323 2977 ipsa
1339 2913 1397 2975 per
1412 2912 1480 2957 sese
1495 2891 1601 2955 vivere

387 3001 474 3079 possit
493 2999 585 3064 nullo
603 3021 710 3064 rerum
730 3021 955 3084 corporearum
975 2998 1134 3064 desiderio
1154 2998 1327 3063 sollicitata
1344 3003 1400 3063 aut
1418 3002 1603 3084 aggravata,

390 3102 437 3168 hoc
464 3111 511 3172 est
538 3128 609 3171 eam
636 3112 777 3190 μελετᾶν
803 3105 964 3171 τεθνάναι
992 3105 1136 3193 ρηδίωςλ
1173 3105 1216 3170 Et
1244 3106 1396 3190 quoniam
1424 3104 1487 3171 hoc
1516 3103 1602 3188 quod

394 3211 477 3277 anima
496 3213 659 3279 τεθνάναι
682 3213 808 3298 dicitur,
832 3214 939 3277 vivere
962 3218 1013 3277 est
1035 3212 1089 3278 aed
1113 3212 1220 3278 vivore
1240 3214 1384 3297 corporis
1403 3213 1602 3297 operimento

395 3325 481 3406 eruto,
506 3344 576 3387 eam
604 3321 756 3404 animam,
784 3343 879 3405 quam
904 3319 1053 3387 Socrates
1076 3320 1234 3405 praedicit
1256 3322 1316 3385 τὸν
1339 3323 1458 3386 λοιπὸν
1480 3321 1603 3404 χρόνον
1617 3350 1643 3389 ao

396 3429 454 3501 μετὰ
472 3435 562 3495 θεῶν
586 3429 716 3511 διάγειν
739 3427 902 3515 (52,14),
928 3429 1081 3493 nimirum
1109 3428 1232 3515 ῥηιδίως
1254 3429 1360 3494 vivere
1383 3427 1467 3505 vult,
1495 3448 1604 3511 quem·

397 3530 540 3601 amodum
564 3535 637 3620 ρεία
661 3534 706 3622 (h.
725 3556 751 3601 e.
774 3535 907 3613 ἀπόνως
930 3534 1100 3621 άμόχθως)
1125 3536 1262 3615 ζώοντες
1285 3538 1377 3617 θεοί,
1403 3557 1484 3618 quos
1507 3537 1604 3617 poeta

398 3632 465 3725 dicit,
488 3643 544 3727 qai
573 3642 619 3707 dii
647 3642 803 3727 quidquid
831 3646 931 3727 agant
957 3642 1094 3726 ῥηιδίως
1121 3647 1252 3728 agentes
1279 3642 1359 3730 facit
1386 3639 1440 3728 (cf.
1464 3639 1603 3705 Bekkeri

399 3742 476 3812 &hed
492 3748 589 3815 Hom.
608 3768 620 3813 1
643 3748 735 3835 176),
762 3772 803 3813 ne
831 3748 975 3815 dicamus
1004 3748 1139 3813 eundem
1159 3747 1321 3814 Ἠλύσιον
1343 3749 1461 3813 πεδίον
1485 3748 1531 3810 ita
1553 3745 1604 3810 de

398 3848 502 3939 Pingere
519 3862 557 3921 ut
574 3855 622 3920 ibi
636 3856 776 3941 ρηίστην
789 3857 907 3940 βιοτὴν
920 3855 1035 3922 πέλειν
1049 3854 1260 3941 ἀνθρώποισι
1276 3855 1362 3921 dicat
1375 3852 1447 3941 (od.
1463 3872 1499 3917 lv
1514 3850 1602 3937 565).

461 3961 550 4029 Nihil
572 3962 719 4028 videmur
741 3963 835 4027 nobis
858 3964 1015 4047 attulisse,
1038 3963 1124 4047 quod
1145 3984 1210 4027 non
1229 3962 1324 4047 plane
1343 3961 1512 4026 conveniat
1531 3983 1603 4026 cum

327 4147 328 4152 γ
399 4056 514 4136 teate
536 4071 704 4153 sententia,
727 4091 809 4155 quae
832 4071 929 4135 etiarn
951 4068 1110 4154 pluribus,
1134 4071 1161 4134 si
1183 4090 1313 4133 necesse
1332 4073 1426 4152 esset,
1449 4068 1604 4133 declarari

327 4197 328 4226 ³
398 4182 487 4249 msc.
523 4176 641 4261 Neque
669 4181 777 4242 mmen
803 4199 844 4242 nc
870 4176 932 4243 hac
959 4176 1088 4261 quidem
1112 4177 1248 4261 ratione,
1277 4198 1340 4261 qua
1362 4175 1457 4240 modo
1482 4174 1605 4261 ῥαδίως

397 4274 674 4369 interpretabamur,
706 4284 971 4369 acquiescendum
1005 4305 1073 4348 esse
1106 4284 1283 4368 opinamur.
1331 4280 1604 4359 Quemadmodum

398 4387 458 4455 enim
479 4397 552 4458 ante
575 4391 715 4457 diximus
739 4391 862 4477 ῥηιδίως
883 4412 949 4455 non
973 4390 1146 4455 desiderari
1170 4392 1198 4455 si
1221 4390 1356 4474 abesset,
1379 4390 1425 4455 sic
1443 4388 1604 4454 τεθνάναι
1619 4414 1645 4454 ao

397 4509 437 4559 vec
458 4498 519 4564 hoc
546 4500 609 4564 sibi
637 4498 794 4565 adiectum
818 4499 954 4583 requirit
976 4501 1010 4562 et
1032 4497 1169 4582 quodvis
1192 4496 1444 4562 additamentum
1467 4495 1604 4581 respuit3

397 4596 420 4663 id
436 4608 515 4690 quod
538 4629 611 4674 cum
635 4626 673 4671 ea
694 4605 847 4691 probant,
872 4626 954 4689 quae
977 4605 1124 4689 proxime
1147 4605 1360 4687 insequuntur
1382 4603 1424 4669 οὐ
1447 4600 1535 4669 τοῦτ’
1563 4600 1606 4666 δν

398 4712 432 4793 dv
446 4712 556 4799 μελέτη
575 4714 739 4796 θανάτου,
758 4718 826 4777 tum
841 4713 944 4798 magis
957 4712 1106 4776 universa
1120 4712 1291 4794 senteutia3
1309 4733 1383 4774 nam
1399 4708 1485 4795 quod
1499 4708 1606 4773 anima

398 4810 489 4885 dicitur
514 4820 621 4906 μηδὲν
645 4829 705 4886 τοῦ
728 4821 878 4904 σώματος
901 4817 1164 4902 ξννεφέλκουσα,
1192 4817 1248 4882 ἅτε
1272 4812 1373 4882 οὐδέν
1396 4823 1605 4882 κοινωνοῦσα

398 4922 465 5013 αὐτῷ
489 4925 526 4993 έν
557 4936 603 5015 τῷ
627 4928 690 5014 βίῳ
718 4925 840 4992 έκοῦσα
868 4918 968 5007 εἶναι,
1002 4923 1085 4990 ἀλλά
1112 4925 1284 5008 φεύγουσα
1312 4924 1393 4989 αὐτὸ
1421 4921 1476 4988 καί
1505 4939 1605 5002 συνη-

398 5031 556 5120 aarum
588 5034 672 5118 αὐτὴ
704 5035 752 5111 είς
781 5033 902 5116 αὑτήν,
938 5032 1091 5096 nimirum
1122 5036 1263 5113 μελετᾶν
1294 5030 1455 5095 τεθνάναι
1489 5028 1606 5092 dicitur

400 5131 439 5216 (vt
454 5161 544 5227 supra
565 5144 616 5226 16,
632 5141 688 5227 183
707 5140 842 5228 24,12),
861 5140 981 5224 quippe
1000 5160 1082 5222 quae
1100 5137 1163 5203 hoc
1182 5138 1363 5220 meditetur,
1382 5139 1509 5200 mortua
1528 5155 1606 5213 esse,

399 5239 457 5310 dum
475 5249 561 5314 vivit.
597 5246 645 5313 Ut
668 5246 824 5333 quidquid
848 5246 983 5311 addatur
1006 5245 1046 5310 ad
1069 5246 1239 5329 τεθνάναι,
1262 5267 1331 5309 eam
1354 5245 1419 5308 vim
1443 5239 1530 5305 vocis
1550 5240 1605 5302 im-

399 5350 478 5419 uisui
502 5358 611 5441 potius
639 5359 672 5420 et
699 5355 815 5420 elevari
845 5375 939 5438 quam
964 5352 1075 5439 augeri
1098 5356 1259 5436 appareat.
1296 5348 1335 5414 In
1358 5371 1457 5433 eaque
1480 5369 1514 5411 re
1538 5345 1607 5411 sola
