3925 6675
598 1086 648 1136 uu
665 1087 896 1138 usmuuruoo
915 1087 1074 1138 vlumus
1093 1089 1247 1140 nlxuro.
1480 1088 1545 1152 155

307 1246 386 1333 logo
409 1247 433 1310 4
455 1248 674 1329 quotidianum
701 1248 758 1313 tor
777 1249 993 1330 patrocinium
1024 1249 1234 1330 defendendae
1256 1251 1406 1316 aduersis
1427 1256 1545 1332 topos·

306 1357 389 1418 tioae
415 1357 451 1418 et
477 1376 559 1438 quae
587 1359 752 1439 praeterea
781 1355 961 1421 consimilia
991 1355 1134 1421 Heraeus
1162 1356 1274 1420 attulit
1301 1361 1334 1421 et
1363 1356 1546 1443 Madvigius

307 1483 405 1545 quem
429 1460 486 1525 ille
508 1461 660 1527 laudavit.

399 1567 535 1632 Licebat
558 1567 696 1653 denique
719 1572 864 1653 repetere
886 1569 978 1634 illum
1002 1570 1134 1634 modum
1158 1570 1351 1635 abundantis
1381 1571 1546 1655 orationis,

307 1675 366 1759 qui
389 1674 499 1740 verbis
522 1676 638 1739 similis
662 1676 907 1762 significationis
930 1677 1031 1741 altero
1055 1676 1095 1740 ab
1119 1676 1220 1740 altero
1239 1676 1452 1760 pendentibus
1472 1698 1545 1742 con-

306 1781 442 1865 tinetur,
466 1804 562 1867 quem
586 1783 648 1867 ipsi
673 1782 760 1865 olim,
784 1783 921 1866 profecti
940 1806 959 1847 a
977 1782 1082 1848 Taciti
1106 1783 1226 1867 dialogi
1249 1783 1329 1848 locis
1354 1783 1546 1867 quibusdam

306 1889 340 1952 iu
365 1889 607 1954 dubitationem
631 1890 763 1971 vocatis,
789 1891 912 1972 inpredi
932 1891 1057 1972 samam
1081 1892 1261 1973 auspicatos
1283 1911 1362 1968 sum,
1386 1897 1546 1956 maturare

304 1996 384 2060 libri
409 1996 507 2061 baira
535 1997 700 2062 editionem
721 1998 848 2078 festino,
877 1995 1059 2062 catuniano
1088 2019 1182 2062 versu
1210 1997 1259 2063 sil
1281 2000 1418 2062 nimium
1440 2000 1546 2063 ouda

307 2102 431 2168 Ceasar
453 2102 511 2168 tabi
533 2103 607 2168 oolla
622 2104 749 2185 placere
770 2104 984 2189 plurimisque
1008 2105 1178 2188 exemplis,
1201 2125 1261 2169 nso
1284 2103 1388 2169 solum
1412 2103 1547 2190 Latinis,

305 2211 407 2275 etiam
433 2209 574 2294 Graecis
597 2211 758 2276 declarare
782 2211 973 2276 studuimus.
1016 2210 1110 2288 Quod
1133 2233 1235 2297 genus
1258 2215 1296 2275 ut
1319 2211 1404 2296 apud
1422 2217 1545 2277 veteres
1560 2239 1586 2280 ro

307 2318 475 2401 frequenti
497 2340 558 2382 usu
577 2318 780 2404 vulgabatur,
802 2320 849 2383 ita
867 2318 945 2383 olim
965 2317 1118 2401 collectis,
1142 2319 1169 2382 si
1188 2318 1251 2384 hoc
1269 2339 1364 2403 agere
1384 2318 1547 2402 vellemus,

307 2426 414 2489 multa
438 2429 545 2489 essent
567 2447 650 2508 quae
673 2425 874 2509 adderentur,
897 2425 953 2490 sed
976 2425 1088 2510 paucis
1110 2430 1217 2490 tamen
1241 2429 1368 2489 utemur
1392 2426 1547 2510 exemplis

307 2554 376 2597 non
400 2531 472 2596 sine
495 2532 631 2596 consilio
655 2531 790 2597 selectis.
833 2530 897 2608 Qui
916 2533 1002 2597 enim
1021 2531 1100 2597 haec
1119 2533 1293 2597 attenderit
1311 2554 1393 2616 quae
1411 2531 1547 2597 Plautus

306 2638 426 2703 scribit
449 2638 484 2703 in
502 2638 692 2704 Trinummo
716 2639 862 2717 1112,Ἰὸ
886 2639 931 2704 Id
952 2661 1000 2704 ooo
1022 2641 1259 2704 cornmissroum
1281 2645 1317 2704 ot
1332 2641 1446 2722 potior
1467 2641 1547 2722 sieri,

305 2767 345 2810 ne
368 2749 517 2811 animum
540 2747 713 2826 imitareris,
737 2747 856 2830 quibus
880 2769 946 2812 uon
969 2746 1140 2810 dissimilia
1159 2750 1235 2810 sunt
1258 2747 1293 2810 in
1316 2745 1389 2810 bell.
1413 2745 1547 2830 Hispan.

306 2875 332 2918 c.
348 2853 415 2937 9,1
441 2875 507 2919 noo
529 2874 592 2918 esse
615 2855 852 2919 commissurum
877 2852 1043 2919 Umorem
1066 2859 1101 2918 ot
1123 2856 1159 2917 io
1177 2858 1267 2918 tuoto
1286 2853 1345 2918 loci
1363 2853 1549 2935 difficaltate

250 2962 291 3018 9]
305 2962 353 3026 ad
374 2961 552 3026 subsidium
576 2961 760 3025 mittendum
783 2981 815 3026 se
833 2961 1046 3037 committeret;
1071 2965 1127 3024 aut
1146 2983 1227 3044 quae
1245 2959 1381 3024 Plautus
1401 2961 1434 3023 in
1452 2958 1547 3024 Pseu·

306 3069 386 3134 dnlo
410 3086 424 3133 1
443 3069 475 3152 4,
490 3068 510 3132 6
534 3069 642 3150 Neque
659 3069 799 3133 eamdiri
812 3071 956 3149 monam
974 3069 1058 3133 cnm
1076 3069 1211 3150 occipias
1228 3067 1329 3146 imber,
1353 3066 1547 3151 quibuscum

307 3176 456 3241 conferre
484 3174 561 3240 licet
590 3176 674 3260 apud
705 3177 811 3260 ipsum
842 3175 1008 3240 Valerium
1041 3175 1114 3258 145,
1133 3175 1175 3239 28
1207 3175 1330 3240 Nasica
1354 3176 1547 3239 contrariom

305 3283 462 3348 admon
492 3282 595 3347 ordiri
624 3285 736 3364 coepit;
767 3303 847 3365 quae
878 3279 996 3347 Caesar
1025 3280 1098 3345 bell.
1130 3278 1212 3347 Gall.
1237 3281 1359 3364 135‚3
1391 3280 1587 3364 Sequanisro

303 3392 506 3475 permitteret,
534 3396 570 3454 ot
590 3410 665 3471 quos
687 3390 738 3454 iili
759 3389 905 3454 mered
926 3389 1082 3454 voluntate
1104 3392 1171 3454 eius
1192 3391 1319 3454 reddero
1341 3389 1407 3454 iilis
1429 3388 1547 3466 liceret·

307 3498 363 3561 vel
379 3497 493 3562 Livius
517 3515 566 3560 vu
585 3496 695 3580 40,16
719 3499 808 3561 ouius
831 3497 975 3578 caepim
992 3517 1054 3578 pro
1076 3496 1161 3561 vobis
1183 3498 1300 3578 experti
1322 3497 1416 3561 nolite
1439 3497 1548 3561 adoer-

305 3626 364 3671 sus
385 3625 439 3670 oos
460 3604 536 3670 velle
553 3606 705 3686 asperim
729 3609 786 3668 aut
801 3602 940 3668 Plancus
959 3626 1007 3687 ep.
1027 3604 1067 3668 ad
1085 3604 1160 3668 fam.
1174 3621 1198 3667 x
1215 3603 1300 3687 17,2
1320 3624 1389 3668 oum
1402 3605 1547 3686 primm

302 3733 398 3795 posse
418 3712 546 3795 ingredi
567 3713 663 3794 coepit
685 3716 718 3775 et
737 3729 760 3775 x
779 3710 868 3792 21,5
890 3732 946 3775 neo
963 3716 1053 3775 tuoto
1072 3732 1204 3775 nicoma
1215 3710 1354 3792 perditis
1370 3710 1547 3775 bominibus

306 3821 387 3885 dari
407 3839 501 3903 posse
522 3821 642 3896 mouns,
669 3804 755 3883 haec
777 3819 833 3901 qui
861 3817 1046 3900 attenderit,
1076 3817 1237 3903 intelliget
1265 3840 1284 3881 a
1311 3816 1401 3881 nullo
1430 3838 1547 3901 genere

305 3927 493 3992 litterarum
526 3926 588 3990 hoc
619 3925 777 4010 quidquid
809 3929 860 3990 est
892 3925 1107 3989 abundantiae
1140 3925 1281 3989 alienum
1314 3925 1413 3988 fuisse
1444 3944 1547 4006 neque

306 4036 396 4100 hanc
419 4056 538 4098 meram
561 4034 792 4119 negligentiam
821 4033 955 4096 habebit
982 4031 1039 4096 sed
1066 4032 1209 4096 studium
1237 4036 1391 4117 agnoscet
1418 4052 1491 4095 cum
1515 4030 1547 4092 vi

304 4141 451 4227 quadam
475 4140 659 4206 cumulandi
683 4139 811 4204 similia.
849 4138 1006 4215 Quocirca
1025 4161 1105 4222 quae
1125 4140 1244 4221 scripta
1263 4142 1339 4202 suut
1358 4140 1391 4201 in
1411 4135 1548 4221 epistola

306 4248 481 4314 Corneliae
506 4246 725 4313 Gracchorum
748 4244 793 4331 (p.
810 4247 871 4310 177
898 4243 1010 4330 Roth.)

447 4355 604 4437 ecquando
631 4356 749 4420 desinet
772 4354 904 4436 familia
930 4360 1038 4419 nostro
1061 4352 1225 4418 irssooire?
1258 4352 1414 4434 eoqquo
1438 4353 1548 4417 orodes
1562 4378 1588 4419 so

448 4464 477 4527 ci
494 4464 542 4528 rei
558 4462 667 4527 baberi
678 4462 817 4545 poterit?
840 4462 997 4543 ocqaoMo
1015 4462 1190 4525 dosioom
1208 4466 1236 4523 ot
1253 4459 1396 4523 boboam
1414 4465 1442 4523 ot
1453 4480 1548 4541 proe-

447 4570 547 4634 bentes
560 4568 709 4635 sumtis
722 4568 888 4633 madeo?
907 4568 1064 4649 meando
1075 4568 1272 4649 pepudescet
1285 4566 1444 4630 essendo
1458 4572 1549 4647 atque

441 4676 659 4759 perturbando
679 4675 859 4758 republica?

305 4806 452 4871 quorum
470 4783 613 4848 nativam
631 4784 809 4847 orationem
824 4781 865 4846 H.
874 4779 1031 4846 Iordanus
1046 4780 1155 4867 (Vind.
1171 4802 1263 4844 serm.
1279 4780 1347 4844 Lat.
1362 4802 1392 4863 p.
1408 4777 1462 4865 12)
1483 4801 1548 4843 non

308 4894 380 4957 iure
408 4892 546 4975 taxavit,
574 4912 647 4955 vere
674 4890 795 4974 scripta
822 4910 891 4954 esse
919 4889 1126 4953 arbitramur:
1155 4910 1230 4952 nam
1259 4886 1346 4970 quod
1374 4887 1549 4951 desinerow

307 4999 462 5065 molestiis
488 4998 633 5063 dasium
659 4997 841 5079 coniunxit,
869 4996 929 5061 etsi
953 5017 1061 5059 severe
1084 4995 1240 5060 iudicanti
1264 4994 1456 5058 contrariam
1480 5014 1548 5056 sen-

307 5107 448 5172 teutiam
471 5104 580 5182 habet,
603 5102 768 5169 desinendi
791 5105 856 5168 vim
880 5102 1073 5189 geminando
1093 5102 1232 5166 adauxit.
1274 5099 1387 5184 Nuper
1405 5098 1463 5162 Th.
1478 5098 1548 5161 Bir-

306 5219 362 5280 tus
386 5211 559 5277 Claudiam
587 5211 783 5277 carminibus
809 5209 992 5276 luculenter
1014 5210 1109 5273 editis
1132 5208 1208 5273 huic
1231 5210 1345 5293 poetae
1368 5228 1433 5270 non
1458 5204 1548 5269 dubi-

306 5322 393 5386 tavit
416 5318 580 5384 vindicare
598 5316 689 5405 (xxn
703 5315 784 5404 331)
