3925 6675
568 1163 619 1214 DE
637 1156 813 1215 VERSIBUS
832 1163 1044 1215 NONNULLIS
1062 1161 1161 1215 Accu
1178 1165 1332 1218 TRAGIOI.
1499 1163 1566 1228 449

294 1335 315 1392 4
424 1343 446 1388 1.
479 1323 606 1389 Nouius
625 1325 727 1411 igitur
739 1323 920 1408 Marcellus,
938 1327 1029 1390 cuius
1047 1324 1126 1392 heec
1144 1326 1253 1391 omnis
1271 1331 1347 1391 sunt
1366 1349 1449 1411 quse
1467 1326 1566 1392 disce

331 1431 453 1517 ptunde
479 1431 689 1516 sumpsimus,
716 1431 962 1516 compendiosae
986 1431 1150 1498 doctrinae
1172 1431 1227 1496 lib.
1246 1451 1272 1497 11
1296 1435 1352 1517 qui
1375 1438 1425 1499 est
1447 1434 1486 1498 de
1509 1433 1566 1500 ho·

331 1543 422 1604 ueste
445 1559 502 1602 seu
524 1559 608 1603 nove
630 1542 774 1602 velerum
798 1537 894 1604 dictis
916 1562 947 1624 p.
969 1538 1047 1624 143,
1066 1538 1167 1606 21M.
1190 1539 1269 1604 hsec
1292 1541 1405 1606 scribit

467 1645 628 1712 ‘marem
644 1666 707 1728 pre
728 1647 834 1711 neria.
869 1647 985 1711 Accius
1006 1667 1167 1712 mmmm
1190 1648 1325 1713 iudicia:
1349 1647 1455 1713 “eccele
1476 1650 1566 1714 uoci·

466 1754 540 1818 mdo
561 1752 749 1818 oblitteretur
771 1753 997 1836 Pelopidarum
1020 1773 1058 1818 aa
1073 1775 1134 1836 per
1155 1775 1213 1820 uos
1234 1759 1403 1820 samosat
1424 1755 1566 1838 pmus'’.'

331 1859 505 1926 Molestum
529 1863 580 1924 est
601 1859 753 1946 colligere
776 1864 893 1924 cunctu
915 1882 997 1944 quse
1020 1860 1081 1924 viri
1104 1859 1191 1926 docti
1210 1861 1250 1925 de
1269 1861 1319 1926 bis
1338 1861 1444 1926 verbis
1462 1885 1566 1928 emen-

330 1967 445 2032 dundis
473 1968 647 2031 commenti
673 1972 763 2048 sunt,
790 1966 846 2031 sed
873 1971 980 2031 temen
1008 1971 1044 2032 ut
1072 1989 1279 2052 assequemur
1306 1969 1391 2054 quod
1415 1969 1565 2034 volumus

329 2074 402 2138 fieri
430 2095 496 2138 non
523 2077 633 2158 polest
660 2074 740 2157 quin
761 2073 917 2138 nonnulle
939 2095 1106 2138 narremus
1129 2095 1239 2139 eorum
1264 2097 1346 2160 quae
1368 2075 1424 2140 elii
1447 2098 1564 2160 propo-

330 2184 474 2245 suerunt.
511 2179 560 2245 Ac
578 2179 613 2245 L.
628 2179 842 2258 Quicheretus
859 2179 960 2245 Nonii
979 2179 1085 2246 editor
1098 2179 1289 2246 Porisiensis
1309 2181 1350 2268 (e.
1368 2179 1468 2268 1872)
1487 2181 1565 2248 haec

330 2286 379 2351 ita
402 2287 502 2352 edidit
1579 2315 1605 2355 io

1044 2393 1167 2461 Ocmle:
1189 2397 1338 2462 uociludo
1361 2447 1368 2461 .
1388 2447 1422 2461 ..

469 2500 665 2567 oblitteretur
688 2501 915 2585 Pelopidamcm
937 2523 976 2566 ae
991 2523 1051 2585 per
1072 2509 1444 2586 commemoremus,

331 2609 366 2672 in
397 2612 541 2673 extremo
572 2629 667 2674 versu
699 2610 806 2693 priore
834 2609 921 2693 quod
948 2608 1026 2674 fecit
1053 2609 1264 2675 interstitium
1292 2610 1461 2695 trisyllaba
1488 2629 1565 2676 voce

330 2715 420 2780 velut
441 2717 585 2798 pristimo
611 2715 721 2780 addite
749 2716 892 2801 suppleri
918 2738 1014 2801 posse
1037 2717 1229 2800 suspicatus.
1266 2715 1289 2781 Ι.
1305 2716 1344 2781 Η.
1360 2714 1483 2782 Onioue
1508 2719 1564 2801 qui

329 2826 456 2906 purtem
474 2827 601 2887 tentum
621 2823 865 2908 compendiosae
883 2823 1048 2888 doctrinae
1063 2823 1118 2888 sed
1134 2845 1203 2888 eum
1219 2823 1335 2888 idoneo
1350 2825 1564 2890 instrumento

330 2929 443 2995 critico
470 2930 657 2995 adornatum
686 2931 794 2995 emisit
820 2928 954 3017 (Oxonii
976 2953 1004 2996 e.
1026 2928 1127 3016 1895)
1154 2953 1226 2995 cum
1249 2930 1358 2996 eedem
1382 2930 1445 2996 hoc
1467 2931 1563 2996 modo

329 3037 457 3122 signatu
480 3035 570 3102 duret

1104 3145 1136 3227 ‘†
1159 3143 1251 3211 Ocule
1271 3146 1421 3210 riorimda

468 3249 663 3316 Oblitteretrer
688 3251 918 3333 Pelopidarum
941 3271 979 3316 ac
997 3253 1055 3333 ptr
1077 3271 1134 3316 uos
1155 3251 1325 3318 saeuum
1345 3251 1463 3334 pmus’,

329 3380 424 3424 cruce
452 3360 565 3424 critice
591 3359 656 3423 fixu
685 3364 760 3424 unte
782 3359 867 3424 ocule
887 3360 934 3424 ibi
956 3359 1079 3424 scilicet
1101 3359 1249 3424 mendum
1274 3360 1459 3424 delitescere
1482 3358 1563 3424 indi·
1577 3384 1604 3424 so

331 3466 424 3529 cavit.
462 3464 609 3550 Denique
627 3466 662 3530 L.
681 3466 865 3549 Muellerus,
887 3463 988 3530 Nonii
1012 3471 1125 3532 euctor
1147 3488 1212 3531 nou
1236 3467 1489 3553 ingeniosissimi
1507 3466 1563 3530 sed

328 3570 614 3657 sumptuosissimi,
636 3573 782 3638 versibus
805 3572 877 3637 istis
900 3573 947 3637 itu
968 3572 1116 3637 formetis

464 3730 471 3743 .
495 3730 501 3743 .
525 3728 534 3743 .
557 3730 565 3743 .
587 3682 658 3763 preci
680 3681 830 3745 normale
852 3680 1039 3745 oblitteretur
1062 3679 1249 3762 Pilopidum

464 3806 503 3851 ac
518 3788 579 3869 pe'r
599 3807 658 3853 nes
678 3785 849 3852 muetesrdt
868 3806 965 3869 penus

329 3894 413 3959 huuc
449 3892 689 3959 ednotetionem
726 3894 877 3959 subiecit:
914 3894 1000 3975 ‘quei
1032 3890 1234 3978 M(uellerus)
1271 3894 1354 3957 ceule
1384 3892 1502 3979 (preco.
1530 3893 1562 3980 o)

328 3998 509 4088 C(odicee);
543 4000 728 4084 Pelopidum
760 4000 795 4065 M
823 3999 1050 4082 Pelopidarum
1078 3996 1116 4084 03
1149 3998 1232 4063 idem
1265 4000 1379 4063 vitium
1412 4000 1446 4063 in
1478 3999 1563 4085 Age-

329 4108 544 4173 memnonidis
567 4105 796 4193 locuples
820 4130 844 4171 s.
867 4106 888 4171 l.
912 4107 1098 4191 oblitterare3
1127 4106 1182 4191 qui
1211 4106 1350 4189 priorem
1373 4130 1401 4169 v.
1425 4128 1484 4191 pro
1508 4107 1562 4171 tri-

329 4219 433 4281 metro
460 4213 625 4297 hsbuerit,
653 4236 720 4279 nou
747 4237 806 4299 pro
834 4218 925 4299 purte
952 4216 1092 4296 tetram,
1119 4212 1194 4277 licet
1221 4213 1298 4278 huic
1325 4218 1499 4296 reponetur
1526 4234 1564 4279 ac

331 4430 522 4495 documento
555 4450 624 4493 esse
655 4433 792 4513 possunt
823 4450 920 4513 quem
953 4450 1064 4493 verum
1094 4428 1137 4493 sit
1165 4427 1250 4511 quod
1279 4426 1419 4491 diximus
1449 4427 1561 4492 doctos
1576 4452 1604 4491 ee

330 4536 478 4603 homines
500 4536 562 4600 hoc
586 4536 676 4619 sequi
695 4558 805 4619 unum,
827 4540 865 4600 ut
886 4536 1021 4600 mutetis
1044 4534 1084 4599 ed
1106 4534 1272 4599 libidinem
1296 4534 1401 4599 verbis¹
1422 4533 1561 4598 ludendo

323 4324 385 4406 pe'r
401 4342 460 4388 uos
474 4323 566 4405 perru'
582 4321 771 4387 earicteircat?
804 4320 891 4398 Quae
909 4325 1031 4385 temere
1049 4342 1087 4385 ec
1106 4322 1173 4385 sine
1192 4320 1318 4385 ratione
1336 4318 1403 4383 ulle
1416 4319 1563 4405 exposite

331 4642 428 4709 modo
456 4644 504 4707 sic
529 4643 627 4707 modo
655 4644 715 4727 sic,
746 4647 784 4707 ut
810 4643 917 4707 eiebut
943 4642 1099 4724 rusticus,
1126 4662 1236 4707 versus
1263 4642 1388 4728 lingent
1416 4642 1471 4725 qui
1499 4640 1561 4705 sibi

329 4749 486 4835 pleceeut.
522 4748 611 4813 Heec
643 4750 781 4814 editores
807 4748 917 4815 Nonii.
946 4747 1145 4813 Ribbeokius
1178 4752 1297 4831 sutem,
1330 4750 1386 4832 qui
1418 4748 1481 4811 ium
1512 4752 1561 4812 ter

329 4855 484 4941 reliquiae
506 4858 645 4942 tragicae
664 4856 795 4943 collegit
813 4878 851 4923 uc
868 4856 1038 4941 recensuit,
1061 4860 1098 4920 ut
1116 4855 1207 4921 vuldo
1227 4860 1323 4919 tener
1342 4878 1411 4921 esse
1430 4876 1561 4920 suorum

329 4964 422 5047 solet,
439 4964 486 5029 ile
503 4962 678 5028 novissime
695 4963 857 5047 acquievit
872 4962 935 5028 huc
952 4984 1048 5047 quem
1065 4962 1141 5027 olim
1155 4962 1431 5027 commendaverat
1444 4962 1561 5027 horum

328 5070 479 5136 versuum
503 5070 758 5135 conformatione

1158 5176 1307 5241 maudo
1331 5226 1337 5240 .
1362 5227 1368 5241 .
1393 5226 1400 5240 .

468 5283 663 5351 Obliteretur
685 5284 927 5366 Pelopidarum,
951 5304 989 5349 ae
1006 5286 1065 5367 pe'r
1086 5303 1143 5349 uos
1164 5282 1333 5349 sauemscdt
1353 5302 1457 5366 perum

327 5390 512 5457 Desiderari
535 5392 621 5457 enim
644 5393 796 5477 opinetur
817 5392 851 5456 in
874 5392 938 5457 fine
960 5392 1079 5477 prioris
1100 5396 1225 5466 mutum
1248 5390 1332 5455 omle
1349 5394 1455 5455 sutem
1474 5388 1560 5473 quod

383 5504 510 5547 vittoni
524 5505 636 5555 opuseuln
650 5506 681 5546 11
1312 5499 1345 5547 29
