3925 6675
583 1153 633 1202 DE
651 1153 783 1203 TRIBUS
800 1154 906 1206 LOCIS
924 1156 1106 1207 HERCULIS
1125 1155 1354 1207 EURIPIDEAE.
1523 1154 1588 1219 269

353 1315 453 1379 τόνδε
475 1314 513 1391 ὃς
536 1312 620 1399 φήσ’
642 1314 825 1381 maluenrnt
847 1316 945 1382 scribi
963 1338 1060 1401 quam
1080 1316 1167 1401 quod
1185 1315 1380 1401 vulgabatur
1398 1321 1473 1382 ante
1491 1320 1589 1383 τόνδε

355 1420 392 1497 ὃς
411 1422 489 1506 φής;
509 1442 590 1506 quae
604 1420 681 1486 licet
694 1422 911 1488 minutissima
923 1425 967 1489 sit
980 1446 1018 1489 ac
1031 1444 1133 1508 paene
1147 1423 1352 1507 ἀναίσθητος
1366 1424 1589 1509 discrepantia,

354 1532 463 1594 tamen
493 1527 654 1594 noviciam
687 1530 879 1615 scripturam
908 1552 964 1595 cur
991 1534 1139 1616 receptae
1165 1530 1383 1615 praeferamus
1410 1530 1493 1596 nihil
1520 1553 1589 1595 esse

353 1634 558 1700 arbitramur.
595 1635 808 1721 Aristophani
837 1638 1028 1721 placuerunt
1055 1638 1151 1702 etiam
1179 1637 1259 1703 haec
1286 1638 1319 1702 in
1348 1637 1447 1703 Ranis
1472 1635 1589 1724 (1007)

353 1740 519 1828 Aeschylo
543 1742 668 1808 dicente

398 1855 574 1934 θυμοῦμαι
596 1847 659 1934 μὲν
682 1860 721 1936 τῇ
745 1848 918 1938 ξυντυχίᾳ,
940 1856 1000 1917 καί
1019 1876 1083 1935 μου
1105 1854 1146 1917 τά
1170 1849 1330 1937 σπλάγχν’
1357 1852 1547 1936 ἀγανακτεῖ,

399 1960 431 2022 ελ
447 1958 533 2043 πρὸς
549 1966 673 2023 τοῦτον
692 1959 747 2023 δεῖ
762 1956 796 2043 μ’
817 1958 1016 2042 ἀντιλέγειν·
1040 1960 1096 2025 ἵνα
1114 1960 1163 2043 μή
1183 1959 1311 2045 φάσκῃ
1330 1958 1367 2024 δ’
1384 1958 1523 2043 ἀπορεῖν
1539 1983 1590 2042 με,

400 2064 617 2148 ἀπόκριναί
637 2088 709 2149 μοι,
731 2069 823 2142 τίνος
845 2065 968 2131 οὕνεκα
991 2068 1053 2153 χρή
1076 2067 1261 2151 θαυμάζειν
1284 2067 1391 2151 ἄνδρα
1414 2067 1568 2149 ποιητήν;

356 2192 552 2255 quamquam
578 2170 660 2237 haec
687 2193 817 2255 quoque
845 2174 992 2257 quamvis
1020 2174 1142 2257 optime
1171 2173 1309 2238 formata
1331 2194 1396 2237 nou
1420 2173 1591 2238 defuerunt

355 2279 412 2362 qui
439 2278 681 2363 aequabilitatis
708 2280 924 2346 restituendae
951 2302 1048 2345 causa
1073 2281 1107 2345 in
1130 2280 1271 2345 deterius
1293 2282 1463 2345 mutarent.
1497 2278 1589 2345 Gom·
1605 2308 1631 2347 ιι

354 2386 437 2451 moti
462 2385 563 2450 animi
587 2386 706 2451 indicia
727 2408 805 2471 prae
827 2409 862 2452 se
884 2387 993 2453 ferunt
1016 2386 1132 2472 Oedipi
1155 2388 1253 2452 verba
1275 2386 1310 2451 in
1332 2384 1519 2470 Polynicem
1543 2408 1589 2451 ar-

355 2491 523 2577 descentis,
545 2513 613 2558 non
634 2492 805 2558 dissimilia
826 2493 892 2558 illis
910 2495 945 2559 in
963 2492 1120 2559 Tiresiam
1138 2493 1274 2577 iactatis,
1298 2492 1388 2580 (Oed.
1405 2492 1473 2559 Col.
1489 2490 1589 2578 1354)

518 2608 584 2665 νῦν
606 2598 637 2664 δ’
664 2599 821 2677 ἀξιωθεὶς
843 2595 908 2666 εἶσι
930 2600 1096 2678 κάκούσας
1118 2598 1149 2685 γ’
1178 2598 1260 2684 ἐμοῦ

515 2705 651 2773 τοιαῦθ’
677 2706 781 2773 ἀτὸυ
803 2706 906 2772 τοῦδ’
935 2708 978 2773 οὔ
1001 2706 1080 2773 ποτ’
1102 2708 1264 2793 εὐφρανεῖ
1286 2710 1377 2790 βίον,

517 2814 558 2891 ός
580 2811 628 2898 γ’,
650 2809 677 2878 ὦ
699 2815 875 2896 κάκιστε,
899 2823 1047 2899 σκῆπτρα
1070 2812 1126 2879 καὶ
1149 2816 1300 2896 θρόνους
1322 2811 1409 2898 ἔχων

515 2924 577 2985 τὸν
599 2921 699 2998 αὐτὸς
722 2920 826 2987 αὑτοῦ
849 2920 974 3006 πατέρα
995 2919 1088 2987 τόνδ’
1115 2921 1317 3004 ἀπήλασας
1340 2926 1407 2986 κτλ.

356 3027 428 3106 Quo
451 3026 599 3113 exemplo
623 3026 673 3092 uti
695 3032 824 3114 poterat
845 3029 873 3093 is
897 3028 954 3113 qui
973 3028 1012 3094 de
1032 3027 1231 3094 sublimitate
1249 3028 1389 3112 scripsit,
1412 3028 1468 3112 qui
1491 3025 1531 3115 (c.
1546 3026 1588 3091 27

355 3158 387 3220 p.
401 3132 459 3222 50)
488 3156 553 3219 quo
580 3135 643 3200 hoc
670 3157 773 3221 genus
801 3134 978 3200 declararet
1005 3140 1037 3200 et
1060 3134 1288 3201 Demosthenis
1311 3134 1472 3199 concitata
1493 3134 1592 3200 verba

355 3242 392 3307 in
408 3241 667 3330 Aristogitonem
690 3243 803 3307 citarit
826 3240 926 3330 (127)
952 3243 999 3327 ὅς,
1023 3239 1048 3309 ὦ
1068 3244 1253 3328 μιαρώτατε
1272 3241 1437 3324 ἁπάντων,
1461 3242 1591 3308 ethaeo

355 3349 533 3435 placidiora
556 3372 639 3435 quaa
661 3353 697 3416 in
720 3348 863 3435 Odyssea
885 3349 1036 3437 (1v684)
1059 3352 1214 3437 leguntur
1604 3377 1631 3418 so

515 3459 560 3542 μή
583 3458 846 3543 μνηστεύσαντες
866 3455 943 3542 μηδ’
970 3457 1089 3524 ἄλλοθ’
1117 3457 1333 3543 ὁμιλήσαντες

516 3565 643 3630 ὕστατα
665 3565 720 3630 καὶ
742 3566 875 3649 πόματα
897 3575 963 3630 νῦν
986 3563 1110 3632 ἐνθάδε
1133 3567 1408 3649 δειπνήσειαν,

517 3675 553 3737 οἳ
573 3670 655 3756 θάμ’
682 3671 891 3756 ἀγειρόμενοι
914 3675 1031 3756 βίοτον
1054 3675 1306 3757 κατακείρετε
1330 3673 1464 3737 πολλόν.

357 3777 426 3846 Nec
443 3781 583 3844 fortasse
602 3778 731 3844 inutilia
749 3783 826 3844 sunt
844 3780 879 3844 in
896 3784 1008 3844 nostra
1027 3801 1132 3862 causa,
1152 3780 1213 3844 etsi
1232 3779 1309 3864 quid
1323 3779 1449 3864 proprii
1463 3778 1592 3862 habent,

358 3908 440 3971 quae
464 3886 548 3951 idem
573 3885 686 3951 eodem
708 3885 781 3950 loco
805 3907 845 3951 ex
866 3885 1021 3953 Hecataei
1043 3885 1128 3951 libro
1153 3887 1342 3951 memoravit
1365 3887 1411 3950 its
1433 3885 1591 3951 narrantis

357 3992 450 4076 Κῆυξ
474 3993 512 4059 δὲ
534 4002 638 4058 ταῦτα
661 3994 757 4058 δεινά
779 3994 978 4075 ποιούμενος
998 3995 1114 4060 αὐτίκα
1133 3991 1261 4058 ἐκέλευε
1280 3994 1359 4068 τοὺς
1373 3989 1592 4077 Ἡρακλείδας

357 4099 535 4184 ἐπιγόνους
558 4099 728 4185 ἐκχωρεῖν·
753 4100 798 4166 οὐ
821 4102 894 4186 γὰρ
917 4101 1012 4184 ὑμῖν
1034 4101 1178 4176 δυνατός
1201 4101 1266 4180 εἰμι
1290 4097 1427 4182 ἀρήγειν
1450 4103 1517 4162 κτλ.

445 4205 507 4273 His
530 4207 633 4294 igitur
655 4229 738 4292 quae
760 4207 949 4295 collegimus
971 4229 1083 4292 pauca,
1107 4227 1301 4292 quamquam
1321 4204 1476 4288 quaedam
1495 4205 1592 4269 inter-

357 4314 475 4380 cedunt
494 4314 680 4380 discrimina
697 4336 780 4398 quac
798 4315 948 4397 diximus,
965 4319 1074 4380 tamen
1088 4318 1214 4379 tantum
1229 4312 1366 4378 fortasse
1380 4311 1520 4378 mudum
1534 4315 1592 4394 est,

357 4425 395 4486 ut
421 4421 623 4508 intelligatur
650 4443 716 4488 non
742 4422 842 4488 fuisse
870 4421 957 4506 quod
984 4421 1150 4507 Euripidis
1179 4420 1357 4486 orationem
1386 4419 1420 4484 in
1443 4417 1591 4504 Hercule,
1606 4445 1633 4487 sc

357 4527 442 4594 unde
460 4527 598 4614 profecti
617 4529 682 4595 huc
696 4528 794 4594 delati
808 4551 927 4613 sumus,
946 4531 1093 4614 quamvis
1107 4527 1173 4593 leni
1188 4551 1285 4594 manu
1299 4526 1338 4592 ad
1353 4527 1591 4593 concinniorem

357 4634 495 4700 formam
527 4640 729 4722 revocarent,
760 4659 872 4701 verum
902 4637 1054 4703 credibile
1081 4657 1150 4701 esse
1177 4639 1306 4720 poetam
1334 4635 1452 4700 omissa
1480 4639 1592 4700 exacta

357 4742 588 4827 mquabilitate
618 4743 675 4807 sed
706 4765 773 4808 non
799 4745 982 4809 inconsulto
1011 4745 1162 4810 maluisse
1190 4742 1329 4808 scribere
1358 4763 1439 4826 quae
1466 4741 1590 4806 librarii

358 4853 532 4916 exararunt
556 4872 652 4934 quam
676 4872 758 4935 quas
780 4850 895 4915 doctus
918 4852 1049 4916 criticus
1073 4855 1274 4916 commentus
1298 4854 1347 4914 est

519 4957 566 5034 εἰς
589 4959 708 5041 καιρὸν
730 4963 833 5022 οἰκον
853 4955 1065 5042 Ἀμφιτρύων
1087 4953 1148 5036 ἔξω
1172 4965 1265 5042 περᾷ.

518 5067 639 5150 χρόνος
661 5066 725 5148 γὰρ
748 5065 812 5148 ήδη
836 5065 937 5148 δαρὸς
959 5064 993 5142 ἐξ
1017 5065 1097 5130 ὅτου
1120 5063 1256 5141 πέπλοις

518 5176 700 5256 κοσμεῖσθε
723 5182 824 5255 σῶμα

358 5275 445 5344 Nam
467 5279 615 5344 narratae
637 5278 685 5342 rei
708 5277 794 5361 quod
818 5299 913 5343 causa
936 5299 993 5342 cur
1015 5279 1134 5362 καιρὸν
1152 5299 1222 5342 esse
1241 5277 1359 5342 dixerit
1378 5277 1418 5341 ad
1436 5298 1590 5361 personas

358 5384 460 5450 relata
479 5407 536 5470 per
554 5387 618 5467 γάρ
637 5384 830 5469 particulam
849 5385 1027 5468 subiicitur,
1050 5407 1090 5450 ne
1109 5383 1190 5450 illud
1208 5385 1336 5469 quidem
1355 5389 1411 5450 aut
1430 5384 1591 5471 singulare
