3925 6675
462 1177 712 1232 demontrans
730 1179 770 1230 IN
789 1177 983 1231 CICERONIS
1003 1175 1159 1230 SCRIPTIS
1179 1178 1429 1230 PHILOSOPHIS.
1497 1176 1562 1240 353

330 1324 417 1426 cuod
432 1340 484 1405 edi
502 1342 606 1425 pessit
623 1344 656 1406 et
674 1341 702 1404 si
717 1341 766 1407 dis
784 1341 891 1426 placet
905 1339 1089 1404 conniventi
1103 1339 1243 1424 probari,
1262 1360 1329 1404 rem
1343 1339 1469 1404 futilem
1484 1343 1564 1404 tam·

329 1469 427 1532 quam
447 1451 563 1512 certam
584 1449 759 1535 vulgarunt
776 1449 870 1532 eique
890 1447 976 1532 qnod
991 1446 1108 1512 falsum
1123 1449 1191 1512 erat
1206 1446 1344 1530 speciem
1358 1447 1503 1512 veritatis
1518 1447 1564 1512 in-

329 1553 476 1619 duerunt.
504 1553 633 1632 Quanto
656 1555 879 1640 praestitisset,
902 1575 984 1638 qnae
1007 1559 1093 1618 certa
1112 1553 1332 1618 emendatione
1351 1555 1478 1618 restitui
1497 1573 1563 1620 non

329 1665 479 1746 poterant
497 1663 620 1727 intacta
637 1661 817 1746 relinquere
836 1666 869 1726 et
887 1663 979 1746 quasi
998 1661 1183 1725 morbosum
1203 1660 1235 1724 in
1250 1659 1381 1745 publico
1396 1683 1564 1746 exponere,

329 1773 368 1833 nt
385 1769 658 1853 praetereuntium
677 1768 929 1834 misericordiam
948 1771 1092 1834 moveret
1110 1771 1143 1831 et
1161 1767 1298 1832 fortasse
1312 1767 1452 1834 medelae
1466 1768 1564 1854 parti-

332 1896 407 1960 ceps
430 1876 529 1940 lieret.

419 1981 490 2047 Nos
514 1982 589 2047 dum
614 1982 870 2067 contemplamur
891 1981 973 2048 illud
995 1984 1102 2066 ipsum
1127 1981 1240 2048 didm
1263 1981 1348 2066 quod
1368 1987 1434 2048 tam
1452 1983 1563 2048 multis

330 2089 501 2154 offensioni
523 2089 596 2172 fnit,
619 2095 652 2155 et
675 2091 772 2155 simul
794 2090 989 2155 attendimus
1007 2111 1073 2154 non
1091 2089 1186 2173 plene
1205 2089 1389 2154 satisfacere
1408 2111 1477 2154 cem
1497 2111 1564 2154 ora

331 2196 430 2260 tionis
452 2197 590 2262 formem
615 2219 678 2280 qna
700 2219 788 2263 mors
812 2197 931 2262 dicitur
951 2217 1021 2260 esse
1040 2195 1122 2260 nihil
1141 2195 1298 2262 sentiendi
1317 2195 1565 2282 receptaculum,

330 2302 405 2367 inde
431 2309 509 2368 nata
536 2309 586 2368 est
609 2305 721 2389 opinio
744 2326 811 2369 non
833 2304 1052 2369 additamento
1076 2305 1201 2367 auctam
1225 2324 1284 2370 nec
1306 2304 1387 2368 vitio
1410 2285 1563 2368 infectam
1578 2325 1605 2366 ιο

330 2431 400 2473 esse
423 2409 479 2473 sed
497 2409 624 2474 defectu
644 2411 792 2476 laborare
811 2411 999 2493 orationem,
1023 2413 1056 2474 et
1075 2430 1185 2474 vocem
1205 2431 1301 2474 unam
1321 2409 1439 2474 duasve
1458 2431 1564 2476 errore

332 2517 526 2602 interceptas
549 2538 629 2596 esse,
654 2515 838 2582 Ciceronem
862 2520 969 2583 antem
993 2518 1160 2600 scripsisse

466 2623 582 2689 Portus
605 2625 688 2688 eslim
705 2629 832 2706 praedo
854 2629 906 2702 est,
928 2625 1077 2706 onmium
1100 2643 1184 2689 mors
1202 2623 1272 2708 [ubi
1293 2623 1365 2708 est],
1388 2623 1502 2689 ibidem
1522 2631 1565 2690 esc

465 2736 624 2795 monam
646 2730 730 2795 nibet
750 2733 905 2797 sociandi
926 2731 1158 2814 receptaculum.

331 2834 386 2902 Sic
409 2842 441 2901 et
462 2837 578 2902 sbidm
601 2837 787 2921 habetque
810 2838 976 2920 referatur,
1000 2841 1032 2902 et
1055 2841 1140 2902 recte
1164 2837 1282 2902 dicitur
1304 2858 1370 2902 non
1391 2859 1477 2903 mors
1497 2859 1565 2902 esse

330 2945 567 3029 receptaculum
590 2943 646 3009 aed
669 2945 725 3009 nbi
747 2965 836 3008 mors
860 2945 903 3009 sit
920 2944 1039 3009 ibidem
1058 2965 1127 3009 esse
1146 2943 1227 3008 nibil
1247 2943 1405 3008 sentiendi
1424 2949 1566 3029 recepte·

333 3051 451 3116 culum.
486 3049 588 3116 Porro
610 3051 666 3116 ubi
687 3057 731 3117 est
753 3073 849 3135 quam
873 3051 936 3116 levi
960 3073 1067 3116 errore
1091 3056 1164 3115 ante
1187 3051 1302 3116 ebidem
1325 3051 1494 3115 scribentis
1519 3050 1565 3114 in-

330 3156 420 3222 cnris
442 3158 621 3243 neglexerit
643 3158 677 3222 in
701 3163 813 3243 aperto
837 3162 895 3243 est,
917 3163 950 3223 et
973 3159 1126 3243 qnoniam
1150 3179 1231 3242 quas
1254 3157 1340 3222 iacta
1364 3161 1440 3221 sunt
1463 3156 1564 3221 credi·

332 3262 396 3328 bile
423 3263 462 3328 fit
488 3265 558 3329 fieri
585 3285 694 3350 posse,
723 3265 885 3330 efferimus
912 3287 972 3352 pro
1001 3264 1103 3330 Balbe
1130 3265 1186 3351 14,
1204 3263 1247 3328 32
1275 3263 1357 3347 quod
1380 3266 1410 3329 si
1432 3265 1565 3347 exceptio

329 3372 409 3453 facit
427 3392 467 3436 ne
485 3371 583 3451 lc'ccut,
605 3372 669 3437 uti
687 3372 768 3457 [non
786 3374 830 3437 sit
848 3378 1026 3458 exceptum,
1044 3372 1118 3458 ibi]
1138 3392 1255 3438 necesse
1273 3378 1317 3438 est
1333 3372 1423 3437 licere
1440 3372 1564 3457 pridem
1580 3393 1607 3434 ro

278 3492 318 3549 so
331 3478 482 3543 restituta
513 3500 581 3543 esse
614 3500 696 3563 quac
727 3480 826 3545 simili
859 3502 964 3546 errore
996 3480 1219 3564 praetermissa
1251 3484 1350 3545 erant.
1396 3478 1565 3545 Postremo

333 3584 420 3669 quod
446 3586 492 3650 ita
519 3585 770 3669 loquitur'mors
791 3588 855 3652 ubi
877 3594 921 3653 est
942 3587 1080 3652 itidem
1104 3592 1148 3652 est
1168 3606 1200 3651 n.
1223 3607 1247 3651 ε.
1270 3586 1506 3670 recemundum,
1529 3590 1566 3651 ut

332 3691 511 3756 sententiae
529 3694 673 3777 apprime
692 3693 884 3759 conveniens
903 3698 962 3775 est,
980 3694 1027 3757 ita
1044 3716 1105 3757 usu
1125 3692 1250 3759 dicendi
1268 3692 1418 3757 Tulliano
1437 3695 1566 3779 egregie

332 3798 551 3864 confirmatur.
586 3798 671 3865 Nam
691 3805 728 3865 nt
746 3798 881 3865 Plautus
900 3800 979 3864 dicit
997 3798 1139 3885 (Trucul.
1159 3816 1195 3864 1v
1209 3800 1240 3883 4,
1255 3800 1297 3863 32
1317 3799 1356 3865 cf.
1377 3798 1565 3876 Quintilian

332 3922 356 3967 v
377 3906 432 3987 11,
451 3904 510 3989 41)
531 3906 587 3971 ubi
608 3908 717 3986 emim,
745 3906 860 3972 cidem
883 3904 985 3993 (met)
1009 3926 1092 3989 opes,
1120 3906 1166 3970 ita
1188 3928 1283 3991 saepe
1306 3906 1417 3972 scribit
1441 3906 1566 3993 Cicer03

332 4010 372 4075 de
400 4034 434 4075 re
460 4012 591 4098 publiea
619 4014 733 4099 11131,
752 4014 795 4079 43
823 4034 893 4097 erpo
920 4014 975 4079 ubi
1003 4020 1158 4097 tyrannus
1184 4020 1240 4097 est,
1267 4012 1313 4078 sbi
1335 4034 1399 4079 non
1421 4015 1565 4080 citrosam

331 4120 389 4185 sed
409 4118 574 4186 diccendum
597 4126 642 4186 est
658 4121 757 4203 plone
777 4120 900 4186 nudum
923 4140 986 4187 esee
1007 4142 1073 4186 rem
1090 4120 1268 4203 publicam
1292 4120 1331 4184 de
1349 4120 1403 4184 fin.
1418 4138 1441 4183 v
1456 4120 1508 4205 32,
1524 4120 1566 4186 95

331 4232 375 4308 ul,
397 4226 452 4291 obi
473 4228 573 4293 vibo
594 4229 644 4307 sis,
667 4227 713 4293 sbi
735 4248 798 4294 esse
820 4229 949 4295 miseric
970 4232 1000 4293 et
1017 4248 1170 4293 wemno
1187 4248 1251 4293 noa
1263 4229 1381 4309 possit·
1404 4228 1439 4292 in
1460 4226 1558 4292 Pison

332 4332 386 4416 26,
400 4332 444 4397 62
461 4339 497 4399 ut
513 4333 568 4399 ubi
585 4334 682 4409 bods's
698 4356 762 4401 noa
775 4341 850 4415 erat
868 4334 915 4400 abi
927 4334 1080 4417 triumphi
1093 4354 1222 4400 causum
1236 4334 1378 4416 aliquam
1391 4340 1566 4416 power&

333 4461 393 4525 pro
407 4438 520 4505 Milon.
533 4440 587 4524 31,
604 4441 665 4505 101
685 4442 815 4507 cestium
833 4442 880 4506 sbi
897 4462 960 4508 esse
968 4448 1071 4524 pedat,
1089 4440 1144 4506 abi
1157 4443 1265 4507 Medi
1278 4462 1342 4506 aon
1355 4442 1397 4507 sii
1409 4440 1507 4518 loom
1527 4440 1566 4506 de
1580 4464 1608 4505 so

334 4545 681 4633 legcngrnr.1133,9l
697 4548 1131 4631 ubitonosputlioenoncst,
1146 4548 1568 4631 siquenmpsdcasesse

331 4672 396 4719 noa
408 4653 709 4739 permultaque
728 4654 799 4739 ulia,
818 4677 899 4739 qnae
918 4656 1032 4720 afferre
1050 4654 1184 4740 longum
1200 4658 1256 4719 est.
1290 4652 1352 4719 Sed
1367 4654 1513 4720 addimus
1528 4654 1566 4719 de

332 4756 430 4825 domo
448 4760 506 4845 46,
527 4760 588 4825 121
609 4762 655 4826 sbi
672 4764 754 4827 esim
767 4764 871 4843 postis
887 4768 944 4845 cst,
961 4762 1016 4827 ubi
1034 4762 1140 4844 templi
1158 4760 1266 4827 adibis
1283 4766 1339 4845 eet,
1362 4784 1426 4826 non
1446 4762 1509 4827 alia
1528 4761 1566 4827 de

332 4886 429 4931 causa
447 4888 544 4951 qnam
562 4890 602 4931 ne
621 4868 674 4933 cui
693 4868 862 4934 offensioni
881 4867 925 4933 sit
941 4868 1060 4954 duplex
1074 4874 1118 4934 est
1130 4868 1164 4932 in
1179 4868 1241 4931 ista
1256 4868 1401 4933 oratione
1416 4888 1500 4934 mors
1512 4870 1567 4935 ubi

330 4979 384 5056 cst,
401 4972 517 5039 ebidem
535 4980 586 5054 est,
606 4974 639 5039 id
658 4976 744 5059 qnod
764 4976 791 5040 si
810 4976 892 5040 tanti
911 4977 955 5040 sit
973 4976 1069 5041 etiam
1088 4974 1235 5059 pluribus
1255 4974 1444 5039 confirmare
1464 4976 1566 5041 liceat.

421 5078 570 5145 Alterum
594 5082 775 5166 exemplum
799 5082 940 5165 petimus
963 5104 1002 5147 ex
1025 5082 1136 5147 eodem
1160 5082 1244 5146 libro
1272 5082 1322 5165 17,
1341 5080 1382 5146 51
1408 5080 1464 5145 ubi
1488 5080 1567 5146 haec

331 5188 485 5273 leguntur
507 5188 540 5251 in
564 5186 712 5253 Muelleri
735 5188 910 5273 exemplari

471 5294 537 5376 Quo
564 5292 627 5359 loco
649 5316 774 5376 puseo,
802 5316 898 5377 quom
924 5296 990 5359 cim
1017 5294 1128 5360 babeat
1149 5294 1232 5360 libra
1255 5294 1313 5359 itta
1338 5292 1485 5374 Oritolm,
1512 5296 1568 5376 qui

466 5422 535 5466 nam
560 5402 596 5467 in
616 5400 749 5466 nimam
767 5401 885 5467 lancem
905 5403 1009 5467 animi
1027 5402 1107 5467 bonu
1124 5403 1274 5484 imponat,
1297 5402 1334 5465 in
1352 5400 1484 5467 alteram
1502 5422 1568 5467 cor-

388 5514 516 5557 seuleus
528 5514 642 5565 comula
656 5516 686 5555 la
1318 5510 1351 5559 2³
