3925 6675
689 1147 739 1197 DE
756 1146 954 1198 annocum
971 1146 1121 1198 IDYLLIO
1140 1147 1201 1198 XII.
1549 1144 1571 1209 3

325 1328 441 1372 vocem
465 1307 506 1371 ad
529 1307 716 1373 πείθονται
739 1285 879 1372 additam
903 1328 971 1372 esse
989 1308 1113 1392 volunt,
1135 1311 1174 1371 ut
1192 1307 1350 1392 explorati
1368 1307 1452 1372 fides
1471 1307 1571 1395 signi·

325 1414 488 1479 licaretur.
526 1412 621 1490 Quod
640 1435 735 1498 quem
753 1414 968 1479 necessarium
986 1414 1095 1497 fuerit,
1118 1414 1260 1479 nondum
1280 1416 1471 1499 quaerimus.
1506 1413 1571 1480 Sed

327 1519 378 1584 illi
407 1521 556 1605 opinioni
579 1519 759 1585 Meinekius
787 1522 901 1586 seriem
924 1520 1096 1585 verborum
1122 1521 1233 1586 obesse
1255 1521 1405 1608 putabat,
1432 1544 1499 1587 non
1524 1522 1572 1586 in·

328 1627 415 1691 iuria
436 1627 575 1692 fortasse
597 1627 633 1691 in
655 1626 716 1692 hac
738 1627 963 1714 ambiguitate3
987 1628 1057 1712 ipse
1080 1649 1153 1692 cum
1176 1626 1331 1712 ἐτήτυμον
1349 1627 1570 1713 reponendum

327 1734 493 1819 suaderet,
521 1733 768 1819 ἀργυραμοιβοί
790 1739 828 1798 ut
849 1737 966 1801 erroris
987 1736 1143 1801 immunes
1165 1735 1360 1820 dicerentur,
1387 1735 1473 1800 idem
1496 1757 1570 1800 con-

328 1841 440 1905 silinm
465 1840 520 1905 sed
543 1841 690 1907 oratione
711 1842 819 1906 minus
842 1840 1005 1926 probabili
1026 1844 1193 1906 assecutus
1212 1845 1268 1906 est.
1304 1840 1389 1907 Aliis
1407 1842 1487 1908 haec
1505 1842 1569 1906 duo

328 1951 462 2030 φαῦλος
480 1953 513 2012 et
531 1947 692 2032 ἐτήτυμος
709 1948 744 2012 in
761 1971 820 2032 par
839 1947 999 2032 quoddam
1019 1949 1252 2014 contrariorum
1267 1948 1471 2035 coniuganda
1484 1951 1571 2014 vide·

327 2055 462 2139 bantur3
492 2055 548 2139 qui
577 2076 650 2119 cum
677 2054 726 2119 ita
752 2055 900 2121 scribunt
921 2055 1050 2140 χρυσὸν
1071 2053 1231 2120 πεύθοντ’
1258 2053 1278 2139 b
1302 2061 1432 2140 φαῦλος
1454 2054 1475 2140 b
1498 2055 1568 2140 ἐτή-

327 2185 436 2245 τυμος
459 2166 518 2225 aut
539 2161 669 2246 χρυσὸν
690 2162 876 2227 πεύθοισαι
900 2166 1033 2247 φαῦλον
1055 2162 1112 2226 καί
1134 2159 1308 2245 ἐτήτυμον,
1331 2183 1390 2227 nec
1414 2162 1571 2228 orationis

327 2268 479 2333 decorem
506 2289 611 2351 neque
639 2268 828 2334 emendandi
856 2268 1120 2354 probabilitatem
1148 2269 1376 2354 sacrament,
1403 2268 1459 2334 sed
1482 2269 1569 2353 quod
1583 2297 1610 2336 ιο

328 2376 464 2461 gravius
487 2380 546 2458 est,
569 2380 757 2460 comparant
779 2397 862 2459 quae
884 2377 919 2440 in
941 2375 1029 2440 hunc
1051 2375 1185 2440 modum
1209 2359 1388 2460 comparari
1411 2380 1449 2440 ut
1470 2397 1570 2461 oppo

330 2485 394 2546 sita
423 2484 581 2547 sermonis
603 2483 785 2567 proprietas
807 2483 946 2547 vetabat.
982 2481 1128 2548 Fuerunt
1150 2483 1247 2547 etiam
1271 2483 1327 2566 qui
1349 2484 1475 2568 χρυσὸν
1498 2481 1569 2568 ἐτή-

328 2613 437 2674 τυμον
457 2587 522 2653 dici
541 2589 717 2673 crederent,
739 2594 777 2654 ut
793 2587 957 2672 Reiskius,
976 2590 1033 2673 qui
1052 2610 1124 2654 cum
1144 2589 1190 2653 ita
1207 2590 1437 2674 interpretatur
1454 2611 1570 2655 amum
1617 2577 1620 2584 ¹

329 2716 449 2778 punem
472 2695 637 2777 explorant
659 2698 834 2779 urposlurii
855 2718 895 2762 νο
915 2699 957 2762 sit
974 2698 1128 2774 cupam,
1152 2701 1298 2781 apertum
1318 2701 1367 2761 est
1384 2717 1444 2762 nec
1460 2697 1569 2781 ipsum

332 2802 434 2887 fugit,
461 2802 573 2886 inepte
599 2801 633 2866 in
662 2801 723 2869 hac
751 2804 896 2868 oratione
923 2804 968 2888 pb
996 2808 1126 2886 φαῦλος
1152 2804 1250 2867 verba
1277 2803 1363 2867 addi:
1392 2804 1500 2888 itaque
1522 2805 1569 2888 pb

332 2914 461 2992 φαῦλοι
489 2907 735 2994 ἀοινραμοιβοί
760 2912 918 2995 seriptum
940 2909 1041 2974 fuisse
1066 2910 1216 2993 coniecit,
1242 2931 1309 2974 non
1331 2909 1471 2992 seboim,
1498 2911 1569 2995 opi·

326 3038 458 3098 namur,
487 3037 583 3099 quam
612 3015 792 3081 Meinekius
821 3015 975 3101 ἑτήτυμοι
1004 3016 1256 3101 ἀργοραμοιβοί.
1299 3014 1362 3081 Sed
1389 3015 1429 3081 ab
1457 3016 1567 3081 eadem

327 3123 483 3207 opinione
513 3121 732 3188 Buechelerus
765 3124 929 3208 profectus
963 3122 1104 3201 videtum
1143 3123 1169 3189 is
1199 3124 1284 3188 euim
1314 3129 1352 3188 ut
1380 3124 1568 3189 πείθονται

327 3230 456 3312 χρυσὸν
485 3227 651 3314 ἐτήτυμον
672 3234 759 3295 recte
782 3229 846 3295 dici
864 3234 989 3315 posset,
1016 3231 1060 3314 pb
1083 3235 1212 3314 φαῦλος
1234 3229 1338 3321 verba¹
1353 3230 1436 3294 falso
1459 3229 1569 3294 addita

327 3358 399 3401 esse
424 3338 553 3420 statuit3
577 3336 695 3421 quibus
718 3339 888 3403 summotis
910 3340 1018 3404 locum
1043 3359 1180 3403 vacuum
1203 3340 1374 3420 τρίβοντες
1395 3337 1568 3422 participio
1582 3365 1610 3405 ιο

327 3443 496 3528 attribuit3
520 3444 552 3508 id
577 3444 664 3528 quod
687 3444 799 3509 abesse
817 3466 882 3509 non
901 3466 996 3529 posse
1016 3444 1140 3509 censuit
1159 3444 1201 3508 ob
1220 3466 1290 3509 eam
1309 3466 1446 3528 causam,
1469 3443 1568 3531 ὁποίῳ

326 3572 507 3633 pronomen
530 3555 568 3614 ut
589 3550 723 3615 haberet
745 3571 810 3634 quo
833 3552 999 3616 niteretur.
1035 3549 1160 3616 Notum
1183 3554 1233 3615 est
1255 3555 1288 3615 et
1311 3550 1352 3615 ab
1375 3552 1447 3635 ipso
1471 3550 1569 3616 adno-

326 3663 417 3722 tatur
446 3660 590 3740 τρίβειν,
621 3658 840 3741 ααοατρίβειν
868 3658 903 3721 in
930 3657 1212 3724 commemoranda
1238 3657 1373 3745 βασάνῳ
1401 3679 1467 3723 non
1494 3679 1568 3723 raro

328 3765 439 3847 posita
462 3764 559 3827 verba
581 3784 664 3843 esse3
691 3764 725 3828 id
749 3784 879 3847 quoque
901 3762 1123 3844 manifestum,
1151 3763 1230 3827 scite
1252 3763 1315 3827 hoe
1338 3764 1568 3829 adminiculum

327 3871 428 3955 ὁκοίῃ
458 3869 642 3953 pronomini
670 3871 784 3954 parari.
827 3868 889 3933 Sed
913 3869 1057 3934 dativum
1081 3870 1281 3954 pronominis
1304 3871 1483 3934 necessario
1505 3869 1570 3935 hoo

326 3977 458 4043 adiecto
481 3976 653 4061 participio
677 3975 908 4041 sublevandum
927 3976 1036 4060 fuisse,
1059 3977 1092 4040 id
1115 3998 1175 4041 nos
1196 3997 1291 4061 aegre
1309 3978 1379 4041 siro
1398 3978 1568 4062 ingenioso

319 4082 550 4169 concedimus3
579 4085 636 4168 qui
665 4083 751 4169 quod
778 4082 893 4149 scribit
917 4082 1120 4148 (πεύθεσθαι
1144 4085 1230 4170 λίθῳ
1253 4086 1380 4167 χρυσόν
1403 4084 1459 4167 qui
1483 4082 1569 4147 dicat

326 4213 458 4256 omnem
478 4190 627 4255 dictionis
647 4191 816 4255 sanitatem
835 4189 987 4275 perdere,'
1008 4190 1147 4255 fatemur
1166 4213 1225 4255 nos
1244 4213 1357 4274 parum
1377 4189 1569 4276 intelligere,

326 4297 407 4381 quid
435 4296 499 4361 hoc
525 4301 694 4381 tantopere
722 4321 741 4361 a
769 4298 932 4362 communi
955 4318 1016 4361 usu
1040 4297 1140 4361 dativi
1163 4296 1275 4362 Graeci
1299 4297 1483 4375 abhorreat,
1510 4303 1567 4361 aut

326 4426 385 4468 cur
413 4426 551 4488 pravum
579 4405 623 4469 sit
651 4404 715 4469 dici
742 4405 869 4489 χρυσὸν
896 4406 983 4489 λίθῳ
1011 4405 1216 4485 πεύθεσθαι,
1245 4426 1318 4468 enm
1341 4425 1407 4468 non
1430 4426 1565 4487 pravum
1580 4429 1608 4469 ιο

326 4513 379 4595 sit,
398 4509 488 4596 quod
506 4509 637 4576 Platoni
655 4511 787 4595 placuit,
806 4514 894 4598 λίθῳ
912 4512 1104 4592 βασανίζειν
1123 4512 1181 4575 τὸν
1200 4514 1335 4594 χρυσόν.
1372 4508 1461 4575 Haec
1480 4511 1565 4574 enim

325 4617 426 4682 verba
446 4617 572 4682 etiamsi
591 4639 656 4683 non
676 4617 808 4682 eandem
828 4616 893 4681 vim
909 4617 1058 4701 babeant,
1076 4640 1126 4681 res
1146 4639 1227 4701 quae
1241 4616 1442 4702 significatur
1456 4616 1565 4681 eadem

325 4730 390 4807 est,
412 4744 518 4807 neque
546 4723 728 4788 mirandum
755 4724 896 4804 videtur,
924 4723 1011 4808 quod
1038 4722 1071 4787 id
1100 4745 1163 4808 quo
1188 4724 1267 4789 haec
1289 4725 1407 4800 πύστις
1431 4728 1487 4787 eut
1509 4723 1566 4788 illa

326 4833 477 4913 βάσανος
494 4831 685 4914 instituitur,
703 4830 801 4895 dandi
819 4852 897 4896 casn
914 4829 1020 4894 verbis
1038 4830 1175 4895 additur.
1212 4830 1262 4894 Ex
1281 4830 1341 4895 hac
1360 4831 1460 4915 igitur
1472 4835 1565 4914 parte

327 4935 519 5002 Buecheleri
546 4938 731 5002 coniectura
753 4942 850 5023 auget
873 4937 1051 5001 orationem
1076 4959 1114 5001 eo
1138 4960 1202 5021 quo
1226 4937 1321 5002 facile
1344 4957 1502 5021 ceremus3
1524 4959 1563 5000 ex

326 5045 428 5110 altera
455 5043 559 5107 eidem
588 5043 703 5127 demit,
731 5066 826 5127 quae,
855 5045 883 5107 si
907 5048 992 5109 recte
1020 5045 1282 5129 interpretamur,
1311 5045 1433 5128 optime
1455 5042 1563 5107 locum

326 5151 410 5215 tueri
435 5149 594 5215 videntur.
631 5148 717 5215 Nam
739 5150 817 5215 licet
839 5149 1018 5215 rectissime
1042 5150 1202 5234 dicantur,
1227 5173 1307 5234 quae
1333 5149 1387 5213 ille
1411 5151 1564 5234 coniungi

326 5257 446 5343 voluit,
467 5257 595 5342 χρυσὸν
622 5256 720 5343 ὁποίῳ
743 5258 929 5321 πείθονται
952 5256 1129 5342 ἐτήτυμον,
1153 5279 1217 5341 quo
1242 5258 1336 5321 modo
1361 5256 1449 5320 velut
1472 5255 1565 5321 scho-

324 5365 421 5429 liasta
445 5362 633 5429 Platonicus
659 5364 788 5429 locutus
815 5368 865 5428 est
890 5364 933 5448 (p.
948 5361 1029 5450 410)
1054 5366 1156 5429 λίθου
1180 5363 1276 5447 γένος
1299 5355 1327 5450 ᾦ
1350 5364 1387 5426 τὸ
1410 5363 1565 5445 καθαρὸν

890 5519 892 5521 ,
1309 5468 1346 5519 1*
