3925 6675
469 1141 521 1192 DE
539 1140 661 1192 VERBO
679 1141 855 1192 ΔΦΕῙΔΕΙΝ
873 1141 911 1191 IN
931 1140 1134 1192 SOPHOCLIS
1152 1139 1348 1192 ANTIGONA.
1470 1136 1534 1201 179

293 1301 457 1368 ascribere
480 1304 559 1367 aetia
582 1302 719 1367 fiduciae
741 1301 835 1366 affert
857 1300 1061 1386 Apollonius,
1084 1303 1142 1387 qui
1164 1305 1214 1366 eet
1236 1301 1334 1365 exiis
1353 1301 1458 1385 poetis
1478 1300 1535 1385 qui

293 1430 367 1474 raro
396 1428 483 1473 nova
505 1409 576 1472 aine
598 1408 748 1494 exemplo
771 1409 940 1494 proferunt
963 1408 1019 1473 aed
1043 1429 1125 1493 quae
1148 1407 1269 1473 habent
1292 1407 1473 1492 superiores
1497 1428 1537 1471 ea
1645 1404 1647 1409 ’

294 1536 354 1581 auo
384 1536 450 1580 usu
476 1537 631 1580 renovare
656 1520 690 1580 et
710 1515 916 1599 frequentare
938 1515 1051 1580 solent.
1089 1513 1152 1580 Sed
1176 1536 1240 1600 quo
1263 1513 1477 1580 confidentius
1500 1513 1536 1578 in

294 1622 483 1710 Antigonae
506 1643 600 1687 verau
623 1626 784 1687 vetustam
808 1621 999 1706 scripturam

647 1735 682 1794 ei
700 1753 751 1806 τις
773 1727 872 1794 τοῦδ’
894 1728 1071 1812 ἄφειδήσοι
1095 1731 1201 1794 πόνου

294 1835 550 1919 instaurandam,
572 1835 731 1901 noviciam
754 1834 915 1919 ἀκηδήσοι
938 1834 1169 1920 repudiandam
1192 1835 1342 1920 dicimus,
1365 1857 1403 1902 eo
1426 1836 1534 1901 minue

295 1943 466 2029 probaturi
490 1964 601 2007 sumus
624 1943 659 2007 in
681 1942 811 2008 Electra
835 1941 901 2006 980

459 2049 486 2114 ὣ
509 2060 619 2115 τοῖσιν
641 2049 777 2135 ἐχθροῖς
801 2044 838 2115 εὖ
861 2052 1041 2134 βεβηκόσιν
1063 2046 1142 2115 ποτὲ

460 2165 568 2241 ψυχῆς
591 2156 813 2239 ἀφειδήσαντε
834 2159 1047 2241 προυστήτην
1069 2159 1178 2242 φόνου

296 2264 506 2348 ὰηδήσαντε
528 2263 642 2348 reponi
666 2285 725 2347 pro
748 2263 979 2349 ἀφειδήσαντε,
1003 2264 1091 2349 quod
1113 2263 1252 2349 probum
1275 2267 1326 2329 eet
1349 2267 1381 2328 et
1398 2263 1534 2348 primiti·
1550 2289 1577 2331 ro

295 2394 369 2437 ram
396 2370 670 2456 significationem
697 2369 808 2454 habet,
837 2372 920 2437 vitoe
945 2377 1203 2453 conponentes,
1230 2391 1294 2456 quo
1318 2371 1415 2436 modo
1439 2393 1535 2455 saepe

295 2484 363 2544 tam
387 2475 505 2544 Gracci
533 2475 719 2564 (ἀφειδοῑεν
748 2475 791 2542 ἂν
817 2486 878 2542 τοῦ
900 2479 978 2560 βίου
1002 2477 1206 2562 Thucydides
1229 2477 1328 2562 1143,
1355 2478 1398 2562 μὴ
1422 2477 1535 2562 φειδό-

296 2609 390 2669 μενοι
409 2594 470 2662 τᾶς
487 2588 571 2664 ζωᾶς
588 2583 746 2668 Tyrtaeue
764 2584 850 2669 apud
868 2583 1007 2650 Dionem
1025 2582 1291 2668 Chryaoatomum
1309 2584 1340 2668 2,
1358 2583 1417 2670 59)
1437 2606 1535 2668 quam

296 2691 435 2757 Romani
458 2688 528 2777 (eoo
546 2711 632 2756 meae
648 2711 719 2756 nem
736 2693 820 2757 vitoe
831 2712 967 2774 porcam
985 2692 1078 2758 Mum
1097 2693 1226 2758 taenio
1243 2693 1386 2772 deprecor
1398 2690 1535 2776 Ennius,

293 2801 422 2883 pnteioe
442 2797 635 2864 meo
655 2800 738 2864 vitoe
758 2805 1002 2881 cooperuerant
1020 2796 1146 2885 cicero)
1164 2797 1264 2864 locuti
1285 2802 1369 2862 aunt.
1407 2796 1474 2865 Sor.
1494 2821 1534 2863 m.

299 2904 478 2991 septembr.
497 2926 524 2970 a
543 2920 755 2970 uncocxcrv.
1485 2932 1488 2939 ·

300 3098 541 3154 demonstratione
563 3098 637 3153 nihil
659 3101 754 3153 motae
772 3097 904 3153 dubitare
922 3099 1018 3169 pergit
1035 3115 1088 3154 nec
1106 3115 1187 3153 auam
1205 3098 1354 3168 pristinam
1373 3097 1535 3166 opinionem
1569 3162 1572 3166 ¹

300 3186 417 3257 omittit,
438 3190 534 3244 tamen
559 3204 655 3243 verane
677 3187 801 3257 tragicos
824 3187 926 3242 incerti
949 3188 1073 3243 auctoris
1097 3187 1152 3257 (ad.
1168 3188 1219 3242 669
1234 3186 1344 3242 Nauck.
1359 3187 1402 3242 ed.
1418 3189 1449 3255 11)
1468 3185 1534 3240 affe-

300 3277 401 3332 nndoa
419 3277 501 3331 duxit
987 3278 996 3291 '

607 3370 730 3433 Τεῦκρος
748 3368 780 3422 dt
798 3364 882 3433 τόξου
899 3367 1041 3437 χρώμενος
1059 3369 1227 3442 (perdono

605 3456 676 3523 ὑπὲρ
694 3454 806 3525 τάφρον
825 3458 975 3525 πηδῶντας
993 3455 1106 3525 ἔστησεν
1127 3456 1251 3525 Φρύγας,

307 3544 372 3611 quia
388 3543 501 3615 Trypho
520 3544 569 3613 qui
588 3544 689 3599 citavit
707 3544 812 3613 aliique
831 3545 1009 3614 grammatici
1028 3545 1094 3615 (vid.
1110 3545 1229 3615 Nauck.)
1248 3541 1384 3619 φειδωλίᾳ
1399 3544 1456 3598 dici
1471 3542 1535 3599 doct

309 3639 355 3684 τοῦ
372 3631 499 3708 &wodeton
518 3634 699 3689 adnotarunt.

393 3719 470 3776 Meae
489 3722 691 3792 disputationis
709 3722 825 3795 ignarus
844 3722 942 3778 multia
960 3723 1042 3778 annia
1061 3726 1127 3793 poet
1144 3724 1177 3778 R.
1193 3722 1221 3778 (t.
1237 3722 1339 3778 Soaton
1356 3723 1386 3776 iu
1402 3724 1535 3779 Cloceicot

315 3806 414 3863 Rem
430 3828 465 3863 xv
479 3810 611 3880 (londini
626 3815 706 3882 1901)
720 3830 748 3882 p.
763 3817 797 3866 29
808 3830 849 3881 aq.
869 3812 904 3866 de
923 3810 1022 3867 eodem
1041 3811 1125 3868 verbo
1144 3812 1187 3866 ita
1205 3811 1265 3883 egit
1282 3814 1316 3867 ut
1333 3812 1363 3866 in
1382 3828 1491 3866 mmma
1504 3828 1535 3866 re

316 3898 343 3948 et
363 3896 475 3954 maxime
498 3899 533 3955 de
552 3900 698 3970 Apollonii
720 3900 847 3955 versibus
873 3918 984 3955 mecum
1002 3900 1087 3971 plane
1107 3900 1284 3956 consentiret.
1319 3900 1403 3956 cuius
1421 3899 1463 3955 rei
1482 3916 1535 3970 ego

318 3985 414 4039 utnon
430 3987 542 4058 ignarae
561 4006 651 4045 eccam
669 3989 739 4044 fecit
756 3988 914 4059 Plasbergii
931 3990 988 4044 mei
1007 3990 1155 4061 amicitia]
