3925 6675
393 1143 460 1208 354
587 1146 617 1195 L.
637 1144 752 1194 INDEX
770 1143 984 1195 LEO'I'IONUM
1002 1142 1244 1194 HIBEBNARUM
1264 1142 1350 1212 1899]
1354 1144 1431 1195 1900.

524 1309 612 1387 poris
638 1312 667 1371 et
692 1311 831 1383 eotemm
858 1311 980 1370 torrtum
998 1303 1192 1387 propendere
1215 1303 1305 1368 illum
1328 1302 1438 1388 [boot
1460 1303 1626 1389 torrem]

521 1418 609 1496 potet
630 1419 666 1478 ot
686 1419 804 1478 terram
826 1418 855 1476 ot
876 1414 982 1476 morio
1006 1413 1169 1494 deprimat.

392 1517 444 1584 Ad
468 1542 549 1604 quae
572 1520 671 1584 verbs
692 1519 772 1585 hoec
795 1523 845 1582 est
864 1517 1005 1583 Bentleii
1029 1517 1113 1603 apud
1132 1515 1299 1582 Davisium
1320 1516 1499 1582 adnotatio:
1524 1517 1626 1602 “quid

393 1626 474 1692 illud
505 1631 555 1691 est
583 1627 669 1710 quod
697 1626 770 1691 torri
796 1626 915 1690 teroem
943 1625 1044 1690 dicit?
1071 1646 1144 1688 cum
1173 1625 1208 1688 in
1235 1627 1371 1708 utruque
1392 1623 1484 1688 lnnce
1507 1623 1629 1690 fuerint

393 1734 486 1799 toro:
509 1734 543 1796 in
566 1734 624 1798 ills
646 1733 726 1798 torro
747 1733 859 1811 animi,
882 1733 916 1796 in
939 1732 1000 1796 hee
1024 1731 1104 1796 torro
1126 1733 1263 1813 corporis
1285 1737 1314 1796 et
1335 1737 1470 1796 eoterrro.
1492 1729 1627 1796 hoccine

393 1864 412 1905 a
434 1845 485 1905 tot
508 1839 684 1904 editoribus
709 1839 904 1904 doctissimis
928 1842 995 1902 tem
1017 1838 1179 1922 patienter
1197 1837 1296 1902 ferri?
1318 1836 1485 1922 legerere
1504 1843 1628 1903 teritum

387 1949 578 2029 propendere
604 1946 694 2011 rltom
722 1963 824 2009 imm
851 1946 970 2010 torreor
990 1950 1086 2027 putet.
1120 1943 1170 2008 vel
1193 1945 1263 2009 dele
1287 1945 1359 2010 torsi
1376 1948 1409 2010 et
1432 1945 1534 2010 scribe
1557 1949 1628 2010 ton·

393 2060 459 2118 tom
480 2054 674 2136 propendere
701 2053 791 2118 illam
814 2053 933 2118 Morem
950 2058 1055 2134 potet:
1085 2051 1186 2136 illam,
1210 2051 1271 2116 hoe
1295 2056 1344 2116 est
1367 2074 1463 2136 quem
1486 2053 1626 2136 priorem

392 2160 581 2226 nominavit.
609 2164 720 2226 noster
743 2160 781 2223 de
804 2160 859 2224 fin.
878 2177 901 2223 v
920 2159 978 2242 30,
997 2157 1069 2246 (91)
1098 2157 1215 2224 audebo
1242 2160 1339 2242 ipitor
1362 2164 1459 2223 cetero
1481 2178 1560 2240 ptrue
1581 2179 1628 2224 se-

353 2292 379 2332 ro
393 2266 530 2332 modion
551 2272 701 2332 notorem
723 2272 797 2332 srmt
819 2265 899 2331 torro
922 2265 1096 2348 appellare:
1118 2267 1244 2330 obtutis
1266 2270 1368 2330 ortem
1387 2265 1627 2346 amptitrdirreor

392 2375 485 2456 quaet
506 2375 543 2438 irs
565 2373 666 2438 altero
687 2373 787 2439 tebrae
808 2373 896 2437 loooe
911 2393 1044 2454 ponere:
1068 2377 1192 2452 terrum
1216 2371 1408 2450 mihicrede,
1431 2393 1471 2436 eo
1490 2371 1581 2437 torre
1599 2377 1627 2436 et

393 2481 500 2544 morio
522 2481 671 2563 deprimet
694 2478 1068 2565 [ef.Aeod.1112,38].
1100 2481 1178 2544 noto
1201 2481 1308 2543 sutem
1332 2477 1505 2544 locutionis
1524 2499 1626 2565 genus

394 2588 573 2652 ἰδιωτικόν.
601 2609 675 2652 nom
701 2588 737 2652 in
764 2586 888 2650 bilance
912 2607 994 2670 quoe
1017 2585 1093 2650 lanx
1116 2585 1363 2670 praeponderat,
1391 2606 1455 2649 non
1480 2585 1628 2668 deprimit

394 2694 589 2778 oppositam,
611 2714 724 2758 verum
747 2693 858 2757 elevat.
887 2692 941 2758 sed
965 2692 1108 2780 vulgaris
1132 2693 1286 2757 sermonis
1310 2713 1417 2756 errore
1439 2691 1506 2756 labi
1529 2693 1625 2756 etiam

392 2800 532 2885 sepienti
551 2804 583 2865 et
602 2799 722 2865 diserto
741 2821 928 2864 concessum
948 2800 1029 2863 est.’'
1054 2799 1105 2862 Ex
1122 2799 1260 2864 Bentleii
1276 2800 1469 2865 coniecturis
1483 2799 1626 2882 ultorem,

392 2929 456 2991 qua
484 2909 589 2972 animi
615 2930 675 2993 pro
703 2909 776 2973 torsi
803 2907 916 2990 reponi
943 2905 1060 2990 voluit,
1092 2910 1219 2991 praeter
1246 2905 1412 2971 Davisium
1440 2927 1534 2970 nemo
1562 2904 1626 2970 edi·

392 3018 515 3098 torum,
547 3037 642 3098 quem
675 3014 804 3098 quidem
833 3014 995 3096 novimus,
1027 3013 1242 3097 recipiendum
1271 3013 1375 3096 duxit,
1407 3035 1473 3078 non
1500 3013 1627 3096 iniuria,

392 3123 545 3205 quoniam
568 3121 647 3186 haec
670 3121 829 3204 scripture
851 3119 928 3185 licet
952 3119 1107 3204 explicari
1125 3119 1263 3204 quodum
1283 3119 1378 3184 modo
1397 3120 1510 3204 possit,
1534 3119 1626 3184 setis-

391 3229 497 3293 facere
528 3249 592 3291 non
621 3231 737 3311 potest.
784 3225 847 3290 Sed
875 3228 1023 3311 alterurn,
1056 3248 1118 3310 qua
1146 3227 1218 3292 tout
1244 3227 1373 3290 nomine
1401 3225 1505 3292 deleto
1534 3225 1626 3291 ttlom

352 3360 378 3401 ro
392 3334 511 3400 torrem
538 3334 709 3419 retinetur,
735 3333 843 3419 plures
871 3332 1010 3400 editores
1033 3356 1105 3399 cum
1129 3331 1249 3399 Orellio
1272 3337 1307 3399 in
1329 3336 1435 3419 prima
1457 3331 1624 3399 Turicensi

393 3445 632 3525 expresserunt,
652 3445 743 3505 etex
763 3462 828 3524 quo
847 3440 996 3505 Baiterus
1016 3441 1050 3505 in
1069 3442 1169 3506 alteru
1185 3440 1353 3507 Turicensi
1372 3440 1451 3506 hoec
1470 3440 1533 3505 duo
1553 3440 1626 3506 berti

392 3548 511 3613 toooen
539 3547 712 3611 reiiciendo
739 3548 925 3631 proposuit,
950 3548 1154 3613 retinendum
1182 3548 1409 3627 unum-illum,
1438 3548 1624 3613 recentioris

393 3655 507 3718 aetatis
531 3652 669 3718 editores
692 3652 839 3737 plerique
858 3675 968 3717 omnes
989 3654 1021 3717 in
1040 3653 1123 3719 hunc
1142 3654 1333 3719 sententiam
1353 3654 1489 3738 pedibus
1509 3655 1625 3719 ierunt.

481 3758 665 3845 Utrumque
687 3764 774 3825 recte
797 3760 895 3825 scribi
915 3762 1060 3845 potuisse
1080 3760 1151 3845 quis
1171 3762 1311 3847 negabit,
1334 3765 1399 3826 tem
1420 3761 1518 3840 cltum,
1538 3760 1624 3845 quod

392 3888 457 3951 quo
484 3866 659 3932 referretur
680 3889 739 3952 per
762 3888 796 3932 se
819 3867 898 3931 sutis
921 3868 1128 3933 menifestum
1152 3872 1234 3951 eret,
1262 3890 1359 3952 quom
1382 3868 1473 3933 illum
1496 3868 1626 3946 lancem,

392 3973 478 4058 quod
506 3979 592 4039 certe
614 3973 672 4040 illo
696 3974 837 4040 deterius
858 3997 926 4040 non
948 3980 1031 4059 erat,
1059 3974 1318 4059 quandoquidem
1343 3973 1527 4041 Ciceronem
1551 3996 1625 4040 con-

392 4085 457 4146 stet
487 4102 581 4166 saepe
613 4083 798 4166 pronomini
828 4102 947 4146 nomen
979 4082 1075 4147 etism
1105 4084 1233 4166 praeter
1260 4082 1482 4147 necessitatem
1510 4081 1626 4147 addere

392 4189 503 4273 solere,
526 4188 616 4252 velut
639 4188 677 4252 de
701 4187 818 4253 officiis
840 4187 1009 4272 144,158
1034 4208 1103 4270 erpo
1126 4209 1215 4253 omre
1237 4189 1377 4271 officium
1395 4190 1477 4271 quod
1494 4190 1540 4253 od
1555 4208 1627 4254 corr·

391 4297 579 4360 iunctiorrem
601 4295 763 4360 hominum
785 4301 814 4359 et
835 4295 880 4359 od
900 4296 1072 4359 motototem
1095 4296 1243 4361 tuendam
1266 4295 1354 4375 uertet,
1377 4296 1624 4377 anteponendum

351 4407 435 4468 roest
462 4402 526 4467 itti
552 4402 684 4482 officio
711 4402 794 4482 quod
819 4402 991 4483 oopnittone
1017 4406 1046 4465 et
1072 4402 1202 4467 serentio
1229 4404 1413 4481 continetur,
1441 4406 1474 4466 et
1497 4402 1624 4467 Tuscul

391 4508 472 4591 disp.
491 4525 515 4569 v
534 4507 590 4591 34,
610 4506 651 4571 97
676 4527 731 4571 neo
751 4509 889 4573 esuriens
913 4507 1111 4573 Ptolomaeus
1134 4509 1254 4586 ederat·
1278 4511 1329 4573 cui
1351 4530 1420 4574 orem
1437 4510 1627 4591 peroprood

391 4615 567 4697 Aepyptom
598 4614 759 4679 oomitibru
789 4634 853 4679 ooo
884 4616 1051 4680 oorueoutis
1083 4614 1220 4681 cuorus
1249 4618 1283 4681 trs
1310 4636 1385 4681 cosa
1405 4618 1507 4697 porris
1533 4616 1627 4681 daos

391 4726 478 4804 esset,
500 4720 583 4785 nibil
606 4723 707 4786 osum
729 4727 773 4787 est
795 4721 863 4785 illo
883 4743 981 4804 parre
1002 4723 1188 4800 incondium
1212 4722 1245 4787 id
1269 4722 1354 4807 quod
1379 4725 1516 4789 maxime
1540 4722 1625 4787 cedit
1639 4736 1676 4793 21

391 4828 425 4891 in
448 4826 568 4891 formes
591 4827 793 4911 pronominis
815 4829 857 4907 ts,
885 4827 990 4911 quode
1014 4830 1086 4893 vide
1110 4829 1207 4895 verbs
1230 4830 1269 4893 ds
1292 4830 1412 4895 finibus
1435 4850 1454 4892 α
1478 4828 1624 4895 Bentleio
1814 4850 1815 4917 l

392 4932 490 4998 nllnts
512 4938 546 4998 et
568 4956 587 4997 e
609 4933 704 4999 nobis
726 4934 879 4999 adnotatu
902 4934 942 4999 od
965 4936 1045 5000 hoec
1064 4936 1101 5001 de
1120 4934 1292 5022 legibusn
1311 4936 1341 5021 6,
1362 4936 1405 5000 14
1417 4938 1513 5017 prius
1529 4956 1625 5017 quom

393 5043 495 5123 psam
513 5041 608 5124 tepent
625 5043 755 5120 ναοίίαα,
779 5043 817 5106 de
834 5042 914 5106 eius
932 5042 1026 5125 lepis
1044 5042 1138 5109 leude
1155 5044 1269 5107 dicam.
1302 5040 1366 5108 Sed
1384 5046 1493 5107 utrum
1512 5063 1623 5108 eorum
1814 5044 1815 5121 l

390 5148 588 5233 probaveris,
606 5148 645 5213 de
664 5148 879 5213 additamento
899 5148 1115 5232 quaerendum
1135 5152 1196 5213 est:
1220 5150 1286 5215 sive
1306 5150 1391 5214 enim
1412 5148 1523 5215 Cicero
1542 5149 1624 5213 nibil
1814 5128 1815 5173 l

391 5256 522 5340 scripsit
544 5257 608 5321 nisi
630 5255 727 5333 illum,
751 5256 837 5339 quod
856 5255 1019 5340 plerisque
1037 5254 1203 5340 probetur,
1226 5278 1291 5340 quo
1310 5257 1445 5321 consilio
1466 5256 1624 5323 credimus
1814 5332 1815 5349 ἵ

391 5360 431 5425 ed
458 5383 635 5447 pronomen
663 5384 683 5425 e
709 5363 817 5427 nescio
846 5384 910 5445 quo
939 5361 1063 5427 adiectu
1091 5383 1160 5425 esse
1186 5362 1533 5441 verberationem,
1557 5361 1624 5427 sive
