3925 6675
399 1122 465 1186 374
635 1125 681 1174 m.
700 1125 815 1174 nruax
833 1123 1048 1175 securorum
1065 1123 1298 1176 aasrrvsaun
1318 1127 1396 1176 ιοοο.

398 1285 433 1349 in
455 1287 496 1350 iis
519 1283 716 1349 Hartmanus
739 1282 829 1369 (nam
851 1284 999 1350 Naberus
1022 1283 1261 1371 praetermisit),
1283 1294 1342 1368 τῆς
1364 1286 1546 1370 μαιεὺσεως
1565 1306 1632 1350 nou

399 1391 664 1476 concoquendum
691 1391 785 1456 duxit
811 1390 856 1477 (p.
875 1391 942 1478 82).
980 1391 1124 1468 Quorum
1154 1413 1226 1457 cum
1254 1391 1390 1456 alterum
1417 1391 1513 1457 uobis
1539 1391 1633 1456 alteri

399 1520 583 1564 succurrere
614 1499 774 1581 videatur,
805 1503 876 1563 tum
904 1500 1012 1584 ipsum
1040 1498 1102 1564 sibi
1130 1503 1303 1584 utrumque
1331 1500 1410 1564 satis
1437 1497 1632 1564 firmamenti

399 1605 538 1689 praebet.
574 1603 659 1670 Nam
682 1607 824 1689 primum
847 1605 887 1669 ad
909 1616 969 1690 τῆς
988 1605 1066 1690 ἐμῆς
1083 1605 1198 1690 τέχνης
1218 1606 1296 1690 quid
1315 1607 1423 1691 aptius
1442 1629 1537 1691 quam
1557 1605 1632 1670 addi

398 1721 456 1795 τῆς
482 1722 686 1795 μαιευτικῆς,
715 1714 836 1798 quippe
864 1712 917 1778 cui
944 1714 1054 1778 statim
1079 1713 1267 1778 adnectatur
1289 1714 1310 1797 ἡ
1332 1722 1393 1778 τοῦ
1417 1711 1632 1795 διαλέγεσθαι

398 1823 612 1904 πραγματεία,
630 1819 731 1884 altero
751 1825 858 1884 autem
876 1820 949 1885 loco
969 1842 1043 1885 cum
1062 1819 1126 1886 hoc
1144 1824 1259 1907 agatur
1275 1825 1312 1884 ut
1326 1818 1468 1885 Socratis
1481 1823 1632 1904 μαίευσις

400 1925 477 2010 quid
500 1925 628 1990 differat
650 1925 690 1990 ab
714 1926 777 1991 alia
798 1927 997 2012 aliarumque
1014 1929 1165 2009 μαιεύσει
1183 1927 1393 2014 significetur,
1415 1949 1534 1992 nomen
1552 1927 1631 1991 artis
1649 1941 1688 1997 1ss

398 2034 453 2097 vix
481 2032 590 2117 putuit
618 2034 742 2116 abesse,
769 2035 878 2117 potuit
904 2033 1002 2118 τέχνη
1030 2038 1067 2098 ut
1094 2035 1141 2099 ita
1168 2034 1289 2100 dicaret
1315 2043 1354 2120 τῇ
1384 2033 1443 2119 ἐμῇ
1471 2033 1631 2117 μαιεύσει,

398 2139 462 2204 uisi
490 2137 572 2203 illud
599 2140 760 2227 elegantia
786 2145 964 2224 praestaret
990 2151 1029 2226 τῇ
1059 2140 1118 2227 ε’μῇ
1142 2140 1239 2227 τέχνῃ
1263 2151 1321 2225 τῆς
1342 2142 1532 2225 μαιεύσεως.
1569 2139 1632 2204 Sed

360 2244 547 2312 roNaberus
573 2247 639 2312 ic.
666 2248 752 2331 quod
780 2249 876 2313 etiam
904 2249 1033 2313 initium
1060 2247 1192 2313 Politici
1220 2247 1311 2332 quasi
1340 2252 1565 2333 argumentum
1592 2267 1631 2310 ex

400 2354 561 2418 contrario
591 2353 703 2418 attulit
730 2356 806 2438 quia
833 2355 874 2419 ad
901 2355 980 2420 haec
1011 2357 1072 2438 τὴν
1099 2354 1282 2437 ἀναλογίαν
1309 2355 1370 2438 τὴν
1392 2364 1450 2437 τῆς
1472 2352 1632 2438 ὑμετέρας

398 2458 515 2543 τέχνης
541 2460 625 2524 nihil
652 2460 861 2526 additamenti
889 2463 1011 2527 i'actum
1039 2463 1095 2546 sit,
1124 2463 1227 2526 oratio
1256 2462 1328 2546 ipsa
1355 2459 1516 2546 explicata
1538 2461 1631 2524 testis

399 2570 449 2629 est
471 2565 518 2629 ibi
541 2565 582 2630 ad
604 2576 661 2650 τῆς
679 2566 839 2652 ὑμετέρας
856 2567 973 2653 τέχνης
990 2570 1053 2634 nisi
1073 2568 1285 2634 insulsissima
1303 2589 1420 2632 nomeu
1439 2567 1517 2632 artis
1536 2567 1631 2632 adiici

399 2693 466 2737 non
497 2672 650 2756 potuisse.
692 2673 765 2738 Hoc
796 2675 881 2739 enim
913 2675 1147 2758 lepidissimum
1176 2679 1225 2739 est
1252 2674 1409 2744 sermonis
1436 2675 1633 2758 principium

400 2776 489 2864 (uam
521 2778 641 2845 chartis
669 2781 864 2864 parcendum
890 2803 957 2846 nou
985 2786 1047 2864 est,
1079 2785 1116 2846 ut
1144 2781 1246 2846 oculis
1275 2781 1486 2846 subiiciuntnr
1514 2782 1541 2844 si
1569 2803 1633 2864 qua

399 2885 584 2970 persuaderi
607 2887 679 2952 aliis
702 2887 796 2974 velis)

587 2998 660 3060 ΣΩ.
684 2987 731 3060 Ἦ
752 2997 880 3079 πολλὴν
907 2996 1006 3080 χάριν
1033 2994 1158 3080 ὀφείλω
1182 3011 1236 3061 σοι
1258 3005 1317 3079 τῆς
1341 2998 1524 3079 Θεαιτήτου
1547 3017 1632 3078 γνω-

690 3105 817 3186 ρίσεως,
841 3099 867 3168 ὦ
892 3103 1056 3188 Θεόδωρε,
1074 3103 1141 3186 ἅμα
1164 3100 1219 3167 καὶ
1242 3113 1300 3186 τῆς
1322 3111 1383 3167 τοῦ
1406 3099 1514 3178 ξένου.

562 3212 661 3274 ΘΕΟ.
694 3210 783 3293 Τάχα
805 3209 846 3274 δέ
866 3233 918 3292 γε,
946 3205 972 3274 ὦ
997 3210 1186 3292 Σώκρατες,
1211 3209 1399 3293 ὀφειλήσεις
1421 3209 1542 3292 ταύτης
1565 3231 1632 3290 τρι-

690 3319 849 3399 πλασίαν,
877 3315 1012 3382 έτιειὺἀν
1039 3319 1099 3382 τόν
1126 3340 1160 3382 τε
1186 3316 1359 3381 πολιτικὸν
1381 3315 1636 3400 ἀπεργάσωνταί

690 3440 745 3488 σοι
767 3422 822 3488 καί
845 3425 905 3489 τὸν
928 3425 1132 3508 φιλόσοφον;

589 3532 663 3593 ΣΩ.
691 3522 785 3595 Elea·
809 3531 896 3595 οὕτω
919 3540 1029 3613 τοῦτο,
1053 3526 1079 3595 ὧ
1103 3532 1180 3613 φίλε
1201 3531 1362 3615 Θεόδωρε,
1385 3530 1536 3613 φήσομεν
1555 3528 1632 3613 ἀκη-

690 3639 803 3714 κοότες
830 3632 916 3703 εἶναι
941 3646 1011 3703 τοῦ
1034 3635 1124 3721 τιερί
1149 3640 1364 3720 λογισμοὺς
1386 3637 1448 3701 καί
1472 3636 1517 3700 τὰ
1540 3658 1633 3719 γεω-

691 3746 858 3829 μετρικὰ
880 3746 1109 3828 κρατίστου;

564 3854 661 3915 ΘΕΟ.
691 3854 786 3934 Πῶς,
809 3847 836 3917 ὦ
857 3853 1045 3937 Σώκρατες;

590 3960 664 4022 aaa.
697 3962 772 4023 Τῶν
799 3958 935 4044 ἀνδρῶν
962 3958 1104 4024 ἕκαστον
1130 3956 1250 4034 θέντος
1277 3966 1335 4041 τῆς
1364 3963 1436 4040 ίσης
1463 3954 1568 4035 ἀξίας,
1600 3956 1634 4022 οἳ

691 4074 731 4150 τῇ
763 4075 841 4150 τιμῇ
872 4065 976 4131 πλέον
1007 4064 1160 4148 ἀλλήλων
1191 4064 1376 4150 ἀφεστᾶσιν
1407 4063 1428 4147 ἣ
1461 4064 1542 4128 κατὰ
1572 4064 1634 4147 τὴν

691 4172 910 4255 ἀναλογίαν
932 4174 1003 4256 τὴν
1026 4180 1093 4255 τῆς
1116 4170 1306 4255 ὑμετέρας
1327 4170 1474 4255 τέχνης.

563 4281 661 4343 ΘΕΟ.
689 4274 742 4343 Ed
769 4302 807 4362 γε
834 4281 876 4362 νὴ
903 4280 963 4344 τὸν
990 4278 1149 4362 ὑμέτερον
1176 4280 1273 4361 θεόν,
1302 4272 1328 4341 ὦ
1355 4277 1546 4361 Σώκρατες,
1574 4277 1634 4341 τὸν

682 4383 845 4467 Ἄμμωνα.

401 4488 451 4554 Ne
475 4491 548 4574 quis
571 4512 611 4555 ex
632 4490 692 4555 hac
709 4492 916 4577 integerrima
934 4493 1080 4557 oratione
1099 4492 1241 4577 colligat,
1263 4512 1304 4556 ne
1323 4492 1387 4556 illis
1407 4490 1534 4575 quidem
1553 4490 1633 4555 locis

401 4597 480 4661 artis
508 4597 789 4682 significationem,
818 4620 914 4682 quam
943 4598 1144 4683 aptissimam
1171 4620 1239 4664 esse
1263 4598 1474 4682 ostendimus,
1502 4598 1633 4663 tolerari

402 4724 504 4787 posse.
541 4702 689 4788 Denique
716 4704 800 4768 idem
823 4706 873 4769 vir
896 4705 1010 4771 doctus
1035 4706 1146 4770 eodem
1170 4706 1242 4771 loco
1266 4708 1430 4789 tamquam
1454 4702 1634 4769 certissimo

401 4809 547 4893 exemplo
563 4810 772 4875 additamenti
786 4813 890 4877 aliens
904 4834 1000 4877 manu
1015 4812 1092 4877 facti
1104 4810 1241 4899 Gorgiae
1255 4812 1361 4877 verbis
1373 4812 1477 4876 utitur
1486 4808 1568 4898 (p.8,
1579 4810 1634 4895 13)

402 4914 456 4981 καί
475 4922 563 4982 ελιιοι
577 4928 711 5003 πρῶτον
724 4918 786 5002 μέν
799 4918 818 4983 ὑ
833 4920 944 5003 λατρὸς
958 4920 1009 4985 ὅτι
1023 4915 1049 4984 ds
1065 4921 1250 5002 Σώκρατες,
1270 4918 1413 5005 ἐξαπατᾷ
1427 4933 1464 4982 σε
1480 4916 1634 5001 Γοργίας·

402 5023 444 5089 οὐ
471 5025 535 5109 γάρ
563 5022 655 5091 ἐστιν
681 5024 702 5109 ἡ
728 5026 849 5091 τούτου
872 5025 970 5111 τέχνη
994 5025 1068 5109 περί
1091 5028 1129 5092 τὸ
1153 5026 1309 5111 μέγιστον
1334 5024 1465 5108 ἀγαθὸν
1488 5034 1557 5101 rute
1581 5022 1634 5089 ἀν-

401 5132 568 5215 θρώποις,
596 5131 668 5197 ἀλλ’
699 5133 720 5217 ἡ
748 5132 817 5218 ἐμή.
852 5137 884 5199 εί
907 5130 971 5199 οὑν
993 5134 1097 5198 αὐτὸν
1120 5132 1184 5216 ἐγὼ
1208 5132 1358 5217 ἀροίμην·
1387 5134 1430 5197 σὺ
1454 5128 1491 5197 dt
1514 5132 1564 5208 τίς
1586 5130 1635 5197 ὢν

402 5247 505 5304 ταῦτα
523 5239 642 5324 λέγεις,
662 5246 750 5306 staua
769 5240 812 5306 ἀν
831 5247 910 5319 ἴσως
929 5240 980 5306 ὅτι
1001 5242 1121 5325 ἱατρός.
1145 5244 1179 5305 τί
1195 5236 1258 5306 οὖν
1277 5238 1397 5323 λέγεις;
1416 5234 1487 5323 ἦτὸ
1502 5246 1561 5322 τῆς
1574 5246 1635 5322 σῆς

402 5344 517 5430 τέχνης
540 5342 642 5431 ἔργον
663 5346 821 5432 μέγιστόν
843 5346 935 5414 ἐστιν
958 5347 1104 5432 ἀγαθέας
1127 5358 1197 5425 πῶς
1220 5348 1283 5432 γὰρ
1306 5348 1357 5429 οὔ,
1381 5348 1463 5431 φαίη
1483 5344 1634 5425 ἀνίσως,
