3925 6675
702 1125 752 1174 DE
770 1123 967 1175 Tflnocm'n
984 1123 1134 1174 IDYLLIO
1154 1124 1214 1175 XII.
1558 1120 1579 1183 5

341 1284 507 1369 λομένους
533 1309 566 1350 τι
594 1283 647 1350 καὶ
676 1286 758 1350 ἄλλο
785 1285 955 1369 πράττειν;
984 1285 1018 1349 in
1041 1284 1180 1349 Lachete
1203 1281 1276 1370 (55,
1290 1282 1325 1370 2)
1349 1282 1427 1349 ἀλλ’
1451 1284 1582 1366 ὁρῶμεν

340 1394 386 1476 μὴ
416 1394 539 1469 Νικίας
571 1393 701 1457 οἴεταί
731 1416 763 1456 τι
795 1391 907 1473 λέγειν
938 1390 993 1456 καὶ
1026 1391 1067 1456 οὐ
1095 1394 1198 1474 λόγου
1226 1389 1323 1456 ἕνεκα
1346 1399 1453 1456 ταῦτα
1482 1386 1580 1474 λέγει.

343 1500 373 1562 Α
397 1499 516 1582 quibus
539 1499 635 1564 facile
656 1498 850 1583 perspicitur
873 1499 952 1583 quid
974 1498 1095 1563 distant
1116 1497 1196 1562 haec
1214 1497 1249 1562 in
1267 1496 1442 1563 Theaeteto
1461 1496 1530 1584 (28,
1545 1495 1580 1583 8)

340 1607 425 1689 μετὰ
447 1607 509 1671 τὸν
532 1607 632 1671 τόκον
652 1607 693 1670 τὰ
716 1605 924 1690 ἆμφιόρόμια
947 1605 1053 1670 αὐτοῦ
1076 1605 1120 1682 ὡς
1142 1603 1277 1689 ἀληθῶς
1300 1602 1338 1670 ἐν
1359 1605 1471 1693 κόκλφ
1488 1627 1580 1688 περι-

341 1711 506 1795 θρεκτέον
537 1721 584 1800 τῷ
615 1715 702 1799 λόγῳ
732 1711 984 1796 σκοπουμένους
1012 1714 1057 1797 μὴ
1088 1712 1176 1797 λάθῃ
1207 1712 1291 1796 ἡμᾶς
1323 1711 1384 1776 οὐκ
1415 1708 1510 1789 ἄξιον
1539 1711 1582 1777 ὃν

342 1829 472 1903 τροφῆς
489 1820 527 1884 τὸ
546 1821 754 1902 γιγνόμενον.
791 1818 883 1883 Adde
901 1818 1112 1883 Plutarchum
1131 1819 1166 1884 in
1184 1817 1252 1882 cat.
1271 1819 1345 1884 mai.
1360 1819 1451 1898 24‚4
1470 1817 1488 1882 ό
1507 1819 1581 1895 υἱός

341 1935 406 1990 τοῦ
429 1926 589 2002 Κάτωνος
615 1923 763 2009 ἠρώτησε
790 1928 850 1991 τὸν
876 1925 1002 2009 πατέρα
1028 1930 1073 2010 μή
1099 1949 1132 1990 τι
1159 1928 1370 2010 μεμφόμενος
1397 1924 1417 2009 ἢ
1441 1930 1579 2008 λελυπη-

342 2032 445 2116 μένος
469 2030 524 2097 ὑπ’
553 2032 658 2097 αὐτοῦ
680 2034 846 2117 μητρυιὰν
869 2031 1063 2116 ἐπάγεται.
1099 2032 1151 2098 Ad
1173 2031 1260 2097 hunc
1282 2053 1404 2097 morem
1428 2036 1578 2116 putamus

342 2138 553 2204 Theocritum
586 2139 706 2204 dixisse
737 2139 854 2225 πέτρῃ,
886 2140 1014 2224 χρυσὸν
1040 2139 1138 2225 ὁποόῃ
1166 2140 1351 2205 πεύθονται
1378 2140 1423 2223 μὴ
1450 2139 1580 2221 φαῦλός

252 2230 261 2255 '
343 2246 437 2310 ἐστιν
460 2246 528 2310 sive
550 2245 648 2331 όποίῃ
671 2246 856 2312 πεύθονται
879 2248 1002 2331 χρυσὸς
1024 2248 1069 2330 μὴ
1091 2249 1221 2328 φαῦλός
1239 2243 1339 2311 ἐστιν.
1381 2244 1430 2310 Ac
1450 2244 1624 2329 nequisse

343 2354 481 2417 miretur
503 2354 537 2416 in
561 2354 643 2417 hano
666 2358 789 2438 partam
814 2354 1101 2439 interrogationem
1123 2353 1267 2436 formari,
1290 2355 1334 2437 μὴ
1357 2356 1498 2436 φαῦλος,
1521 2350 1584 2415 hoc

343 2465 475 2544 oportet
501 2459 642 2546 intelligi
669 2482 708 2524 ex
738 2461 920 2545 suspicione
948 2465 1024 2525 nata
1052 2482 1166 2525 aurum
1193 2483 1234 2525 ne
1256 2481 1323 2525 non
1346 2459 1390 2525 sit
1412 2481 1522 2524 verum
1547 2478 1584 2522 ac

342 2589 462 2652 purum
495 2568 694 2653 argentarios
727 2567 916 2652 explorandi
949 2588 1079 2652 operam
1113 2565 1289 2654 sumere*).'
1337 2565 1392 2632 Sic
1418 2563 1583 2650 Euripidis

342 2673 459 2738 Medea
480 2674 561 2738 dicit
583 2697 602 2738 a
624 2697 653 2738 v.
673 2673 738 2738 516

560 2776 586 2844 ὦ
612 2784 688 2864 Ζεῦ,
711 2783 745 2845 τί
767 2783 809 2865 δὴ
832 2790 960 2865 χρυσοῦ
982 2779 1044 2864 μὲν
1068 2781 1104 2858 ὃς
1127 2783 1284 2866 κίβδηλος
1307 2777 1328 2870 ᾗ

560 2885 704 2972 τεκμήρι’
733 2887 967 2971 ἀνθρώποισιν
991 2889 1124 2965 ὤπασας
1148 2898 1252 2973 σαφῆ,

562 2994 696 3077 ἀνδρῶν
719 2993 750 3059 d'
777 2995 843 3082 ὄτφ
866 2997 928 3080 χρὴ
951 2996 1011 3060 τὸν
1033 2997 1137 3061 κακὸν
1159 2994 1334 3079 διειδέναι,

562 3100 674 3178 οὐδεὶς
695 3104 862 3187 χαρακτὴρ
885 3101 1054 3187 ἐμπέφυκε
1077 3105 1217 3187 σώματα

308 3216 377 3291 ρετ
401 3214 477 3273 ante
500 3207 691 3293 Euripidem
715 3207 878 3293 Theognis
899 3207 963 3272 119

561 3323 687 3400 χρυσοῦ
711 3316 883 3400 κιβδήλοιο
906 3313 961 3381 καὶ
985 3314 1136 3401 ἀργύρου
1159 3317 1316 3401 όνσχετος
1339 3316 1415 3400 ἄτῃ,
1597 3338 1623 3377 ιο

606 3424 735 3508 Κύρνε,
757 3421 812 3487 καὶ
838 3421 984 3506 ἐξευρεῖν
1008 3421 1127 3510 ῥᾴδιον
1151 3422 1249 3506 ἀνδρὶ
1274 3431 1378 3512 σοφῷ.

560 3532 588 3594 εἰ
613 3526 649 3595 δὲ
672 3535 775 3615 φίλου
800 3533 877 3606 νόος
900 3530 1023 3615 ἀνδρὸς
1047 3529 1096 3595 ἑνὶ
1121 3533 1281 3614 στήθεσσι
1305 3533 1429 3615 detritu]

605 3637 733 3717 ψυδρὸς
756 3634 832 3718 ἐών,
856 3637 971 3702 όόλιον
995 3635 1024 3701 d'
1053 3634 1091 3702 ἐν
1112 3638 1234 3722 φρεσὶν
1252 3632 1333 3720 ἦτορ
1353 3640 1421 3721 ἔχῃ,

561 3752 660 3808 τοῦτο
683 3744 764 3819 θεὸς
787 3745 1028 3827 κιβδῃλότατου
1050 3747 1167 3827 ποίησε
1190 3746 1364 3828 βροτοῖσιν

605 3848 660 3914 καὶ
684 3860 810 3932 γνῶναι
833 3852 969 3915 πάντων
992 3849 1084 3915 τοῦτ’
1112 3850 1345 3934 ἀνιηρότατον,

343 3959 467 4043 quique
500 3979 569 4021 eam
597 3956 789 4021 sententiam
816 3955 965 4040 pluribus
994 3961 1163 4021 exsecutus
1192 3961 1240 4021 est
1268 3956 1426 4041 Apuleius
1453 3954 1582 4020 Metam.

343 4084 366 4129 x
387 4064 408 4128 9
437 4085 501 4128 κον
523 4066 631 4128 statim
647 4064 788 4146 pratum
809 4064 892 4145 qttod
913 4062 1099 4146 offerebatur
1122 4066 1240 4145 accepi;
1271 4064 1341 4129 ‘scd
1362 4064 1501 4144 neforto
1523 4062 1582 4127 ali-

342 4169 431 4253 quis’
454 4173 585 4251 inquom
610 4170 751 4234 ‘istorum
773 4190 849 4252 ῃαοε
870 4172 965 4253 offers
987 4190 1153 4235 aureorum
1175 4191 1309 4253 υυῃκουι
1330 4171 1378 4235 vel
1396 4170 1518 4234 adulter
1535 4191 1583 4234 re·

337 4280 495 4360 pacatur,
520 4278 554 4341 in
576 4277 631 4342 hoe
652 4279 720 4359 ι’μεο
742 4276 862 4341 saecuto
885 4277 1023 4341 conditos
1045 4297 1094 4342 eos
1116 4278 1233 4342 annulo
1252 4283 1303 4342 tuo
1315 4282 1471 4361 praenoto
1490 4277 1584 4341 donec

343 4386 447 4449 altera
470 4384 522 4447 dic
543 4384 757 4449 nummulario
773 4390 937 4465 pacate
959 4383 1209 4465 comprobatur?
1248 4383 1299 4447 Ab
1323 4384 1474 4469 opinione
1496 4407 1581 4467 φαυ-
1596 4406 1622 4444 ee

343 4496 484 4575 λότῃτος
513 4492 591 4555 oriri
618 4491 763 4555 videmus
792 4491 997 4555 examinandi
1028 4512 1144 4555 curem.
1192 4490 1296 4568 Quare
1324 4512 1390 4555 non
1418 4495 1467 4555 est
1495 4490 1581 4574 quod

342 4602 408 4664 ista
431 4598 694 4683 interrogationis
718 4598 821 4663 forma
846 4596 1003 4681 culpetur,
1027 4620 1108 4682 quae
1132 4601 1245 4682 suapte
1268 4602 1383 4682 sponte
1403 4620 1442 4661 ex
1461 4598 1508 4661 rei
1526 4619 1581 4661 na·

343 4714 418 4771 tura
437 4704 555 4789 prodit.
596 4703 684 4782 Quae
703 4704 731 4768 si
751 4708 837 4769 reete
856 4705 1038 4787 statuimus,
1061 4705 1124 4769 iam
1144 4703 1199 4769 illa
1218 4705 1256 4769 de
1275 4704 1439 4789 ἐτήτυμον
1457 4708 1582 4769 contro-

343 4813 460 4893 versia,
482 4834 522 4875 ex
546 4833 610 4895 qua
633 4812 739 4875 exorsi
760 4833 879 4896 sumus,
902 4812 992 4876 nullo
1012 4813 1143 4897 negotio
1162 4812 1289 4876 videtur
1309 4812 1459 4897 componi
1478 4833 1581 4896 posse.

343 4920 477 4984 Etenim
501 4941 568 4983 non
591 4918 630 4982 ad
653 4920 839 4983 πεύθονται
862 4940 922 4983 nec
945 4918 985 4983 ad
1008 4921 1133 5003 χρυσόν
1156 4918 1353 4983 referendam
1378 4941 1446 4982 eam
1472 4940 1581 4983 vocam

434 5112 500 5180 ⁸13)
519 5110 657 5182 [Macaria
675 5111 706 5165 in
723 5109 868 5180 Euripidis
886 5110 1046 5165 Heraclidis
1066 5115 1139 5182 (482)
1159 5129 1222 5166 cum
1242 5111 1313 5167 dicit

562 5197 637 5255 clla
655 5198 813 5268 πυθέσθαι,
832 5199 869 5269 μὴ
884 5197 929 5254 'nl
947 5208 1007 5262 τοῖς
1023 5199 1112 5254 πάλαι
1130 5209 1230 5264 κακοῖς

561 5287 764 5358 semelae&
781 5308 809 5343 τι
827 5298 906 5359 πῆμα
925 5289 977 5358 σὴν
996 5289 1094 5345 δάκνει
1113 5288 1204 5359 φρένα

341 5378 508 5450 percontari
526 5377 607 5447 cupit
624 5378 700 5446 quod
719 5378 863 5448 suspicata
881 5381 925 5433 ast
944 5380 1030 5450 ante]
