3925 6675
427 1135 479 1184 DE
498 1134 708 1185 Punncm’ro
728 1135 883 1197 QUODAM
903 1135 1069 1186 ANONYMI
1089 1136 1176 1186 ΠΕΡΙ
1195 1135 1409 1187 ΚΩΜΩῙΔΙΑΣ.
1471 1133 1534 1198 561

296 1296 444 1378 duplicia
462 1295 600 1359 duorum
619 1294 786 1359 hominum
807 1296 952 1381 vestigia.
990 1295 1060 1373 Qua
1078 1297 1117 1360 de
1136 1319 1169 1360 re
1184 1319 1275 1362 secus
1290 1298 1427 1362 sensisse
1444 1296 1538 1362 Caro-

297 1401 371 1467 lum
398 1401 577 1466 Robertum
605 1402 749 1467 videmus
779 1425 842 1486 quo
870 1407 1003 1468 anctore
1030 1403 1165 1467 illustris
1196 1403 1347 1488 Aeschyli
1379 1405 1537 1489 interpres

298 1530 342 1573 ex
366 1508 492 1573 duobus
516 1509 661 1573 versibus
687 1509 758 1572 199.
779 1510 845 1573 200
864 1507 960 1596 (208)
979 1510 1116 1574 alterum
1138 1511 1279 1593 seclusit,
1303 1511 1418 1594 utqui
1443 1511 1537 1575 relin-

298 1617 414 1699 quitur
436 1637 519 1682 unus
542 1637 608 1680 non
635 1618 741 1700 possit
763 1616 827 1680 nisi
854 1616 892 1680 de
916 1616 1073 1681 ambobus
1101 1617 1237 1700 pedibus
1265 1619 1361 1682 unius
1387 1619 1538 1704 intelligi,

297 1723 356 1786 καὶ
376 1724 439 1805 γὰρ
458 1722 510 1787 δύ’
529 1721 627 1787 ἐστὸν
645 1724 729 1787 τώδε
748 1725 939 1806 περιγραφὰ
957 1724 1093 1800 ποδοῑν;
1117 1725 1204 1806 quod
1218 1726 1279 1788 etsi
1294 1724 1537 1790 Wilamowitzii

299 1828 524 1912 interpretatio
548 1829 635 1893 haud
657 1829 772 1893 inscite
795 1830 943 1912 reddidit,
965 1834 1073 1894 tamen
1097 1831 1265 1895 haeremus
1284 1831 1438 1916 ambigui,
1462 1833 1538 1916 quia

298 1937 469 2000 nonsatis
492 1941 640 2020 apparet,
664 1937 740 2020 quid
765 1936 827 2001 hoc
850 1937 945 2001 fidem
969 1959 1087 2023 augere
1111 1938 1228 2021 possit,
1256 1939 1343 2021 quod
1366 1939 1537 2004 amborum

300 2043 429 2127 pedum,
451 2065 516 2107 non
535 2043 641 2127 nnius,
664 2044 801 2129 vestigia
820 2044 1076 2127 conspiciuntur:
1100 2046 1246 2128 alterum,
1265 2046 1346 2110 duos
1365 2046 1466 2110 fnisse
1485 2046 1537 2110 ad-

297 2171 409 2232 venas,
432 2151 510 2234 quid
533 2151 646 2214 afferat
669 2150 710 2213 ad
728 2172 817 2234 spem
838 2151 1091 2215 confirmandam
1111 2156 1258 2234 apertum
1278 2157 1334 2216 est.
1382 2153 1426 2217 Et
1445 2154 1537 2237 qnid-

300 2257 380 2340 qnid
403 2257 519 2322 incerti
538 2262 586 2321 est
607 2257 640 2320 in
660 2258 722 2321 ista
741 2258 886 2321 oratione
904 2255 1001 2343 (199)
1020 2258 1145 2322 adiecto
1165 2260 1267 2323 altero
1287 2281 1381 2324 versu
1401 2259 1535 2324 tollitur.
1552 2286 1578 2326 ιο

297 2361 369 2428 Nec
394 2361 570 2447 Sophocles
595 2386 668 2428 cum
691 2363 821 2428 Electra
845 2369 939 2429 canat
963 2364 1044 2451 (205
1059 2364 1143 2449 sqq.)
1163 2368 1241 2442 τοὺς
1260 2365 1337 2449 ἐμὸς
1357 2368 1407 2431 ι”δε
1429 2369 1536 2451 πατὴρ

296 2471 471 2548 θανάτους
494 2473 598 2547 αἰκεῖς
621 2472 813 2552 διδύμαιν
831 2483 1000 2555 χειροῖν,
1024 2475 1061 2536 αἳ
1076 2473 1137 2537 τὸν
1155 2471 1237 2555 ἐμὸν
1256 2464 1348 2538 εἷλον
1367 2477 1444 2557 βίον
1457 2476 1536 2558 πρό-

296 2578 416 2658 δοτον,
444 2578 523 2642 duas
551 2601 666 2642 manus
696 2577 809 2642 maluit
837 2601 934 2661 qnam
963 2578 1100 2643 duorum
1130 2601 1244 2643 manus
1272 2579 1420 2666 intelligi.
1475 2579 1537 2646 Sed

295 2685 448 2768 quisquis
466 2684 553 2750 hunc
574 2705 701 2749 versum
725 2685 864 2769 scripsit,
888 2685 955 2750 sive
979 2685 1006 2749 is
1030 2690 1127 2768 poeta
1149 2686 1213 2748 fuit
1236 2691 1274 2749 nt
1296 2691 1449 2770 putamus
1469 2689 1535 2753 sive

297 2793 407 2856 nescio
436 2792 508 2876 quis
537 2793 633 2874 alins,
661 2792 690 2855 is
718 2792 812 2876 plane
840 2793 879 2855 de
907 2814 997 2857 more
1029 2793 1101 2856 istis
1133 2793 1381 2875 pronominibus
1415 2792 1535 2880 (αὐτοῦ

295 2894 326 2962 τ’
350 2897 496 2984 ἐκείνου)
522 2921 599 2964 usus
623 2904 680 2963 est.

387 3004 464 3070 Non
487 3006 582 3070 aliter
604 3005 720 3070 Lichas
745 3007 778 3069 in
802 3005 985 3071 Trachiniis
1010 3004 1091 3092 (283
1107 3006 1192 3091 sqq.)

834 3114 933 3179 τάσδε
957 3112 986 3178 δ’
1015 3114 1120 3196 ἅσπερ
1144 3115 1278 3200 εἰσορᾷς

504 3218 537 3297 ἐξ
561 3221 685 3303 ὀλβίων
708 3220 828 3303 ἄζηλον
852 3220 1011 3303 εὑροῦσαι
1035 3222 1113 3302 βίον

391 3326 458 3393 285
504 3337 650 3412 χωροῦσι
673 3329 756 3412 πρὸς
780 3327 828 3393 σε’·
852 3338 956 3393 ταῦτα
978 3328 1042 3413 γὰρ
1066 3330 1162 3405 πόσις
1185 3354 1219 3393 τε
1244 3330 1302 3407 σὸς
1549 3357 1576 3398 ιο

504 3432 621 3518 ἐφεῖτ’,
644 3434 708 3516 ἐγὼ
733 3436 769 3500 δὲ
794 3436 910 3512 πιστὸς
933 3435 981 3500 ὢν
1004 3438 1103 3523 κείνῳ
1127 3441 1219 3501 τελῶ.

504 3542 627 3607 αὐτὸν
649 3539 679 3606 δ’
703 3541 874 3625 ἐκεῖνον,
898 3538 965 3607 εὖτ’
993 3541 1036 3607 ἂν
1059 3542 1145 3625 ἁγνὰ
1169 3545 1303 3626 θύματα

262 3665 282 3720 c
504 3648 581 3732 ῥέξῃ
604 3646 743 3735 πατρῴῳ
770 3651 851 3731 Ζηνὶ
875 3660 933 3733 τῆς
955 3649 1118 3730 ἁλώσεως,

505 3758 624 3839 φρόνει
648 3780 705 3821 νιν
727 3756 771 3832 ὡς
794 3755 925 3839 ἥξοντα,

387 3869 443 3928 sut
466 3862 702 3946 Aristophanes
726 3864 759 3926 in
785 3862 1015 3929 Ecclesiazusis
1039 3863 1118 3950 (638
1135 3863 1220 3949 sqq.)

432 3975 505 4035 ΒΛ.
529 3970 666 4035 Οὐκοῦν
680 3968 815 4052 ἅγξουσ’
828 3964 865 4035 εὖ
880 3969 934 4035 καὶ
949 3982 1097 4054 χρηστῶς
1112 3970 1185 4055 ἑξῆς
1198 3973 1258 4036 τὸν
1272 3974 1380 4037 πάντα
1391 3973 1533 4058 γέροντα

433 4080 487 4142 διὰ
510 4079 571 4160 τὴν
595 4078 746 4158 ἄγνοιαν,
769 4076 839 4141 ἐπεὶ
862 4078 917 4141 καὶ
940 4086 1006 4143 νῦν
1028 4079 1271 4161 γιγνώσκοντες
1294 4078 1407 4159 πατέρ’
1430 4082 1511 4145 ὄντα

342 4185 410 4249 640
433 4186 582 4267 ἄγχουσι.

434 4296 505 4357 ΠΡ.
524 4289 610 4355 'All'
638 4289 656 4355 ὁ
680 4292 851 4373 παρεστὼς
874 4291 935 4355 οὐκ
959 4289 1139 4374 ἐπιτρέψει·
1173 4295 1244 4357 τότε
1269 4291 1299 4357 δ’
1328 4294 1441 4371 αὐτοῖς
1470 4294 1531 4359 οὐκ

1208 4396 1296 4483 ἔμελ’
1319 4396 1420 4465 οὐδὲν
1545 4426 1572 4465 το

432 4517 499 4571 τῶν
521 4505 707 4584 ἀλλοτρίων
730 4505 821 4580 ὅστις
839 4506 969 4569 τύπτοι·
993 4515 1059 4570 νῦν
1077 4504 1107 4570 δ’
1130 4505 1173 4589 ἢν
1191 4506 1373 4590 πληγέντος
1393 4506 1531 4594 ἀκούσῃ,

431 4615 475 4696 μὴ
488 4613 610 4677 αὐτὸν
624 4609 779 4675 ἐκεῖνον
793 4612 896 4695 τύπτῃ
910 4612 1029 4688 δεδιὼς
1043 4624 1112 4689 τοῖς
1122 4614 1249 4697 δρῶσιν
1259 4623 1358 4678 τοῦτο
1368 4625 1530 4698 μαχεῖται,

294 4720 330 4784 in
353 4719 472 4804 quibus
491 4719 553 4783 etsi
571 4719 702 4782 fuerunt
720 4720 776 4800 qui
795 4718 983 4801 titubarent,
1002 4719 1106 4785 αὐτὸν
1123 4719 1253 4785 ἐκεῖνον
1272 4720 1370 4784 habet
1389 4722 1422 4784 in
1441 4744 1530 4806 prae·

292 4825 484 4894 cedentibus
512 4847 577 4909 quo
605 4825 718 4889 referri
745 4828 857 4909 possit.
912 4824 964 4889 Ad
993 4847 1088 4908 quem
1116 4849 1244 4891 versum
1272 4850 1337 4893 non
1370 4831 1530 4893 nescimus

294 4933 348 4999 Fr.
366 4932 573 5015 Blaydesinm
598 4953 656 4995 sno
681 4954 769 4995 more
793 4933 976 5017 congeriem
1000 4932 1153 4997 similium
1178 4933 1298 4998 fecisse.
1345 4934 1446 5011 Quem
1469 4957 1529 5000 nos

295 5062 362 5105 non
386 5040 559 5123 sequimur,
583 5039 639 5103 sed
657 5043 804 5102 nostrum
824 5039 1010 5103 institutum
1029 5043 1174 5103 tenentes
1193 5061 1232 5103 ex
1251 5042 1347 5104 variis
1367 5044 1529 5125 scriptori-

294 5147 357 5212 bus
380 5148 568 5232 posterioris
591 5146 729 5208 maxime
752 5146 867 5209 aetatis
891 5151 1036 5228 petemus
1061 5146 1206 5230 exempla
1235 5168 1334 5230 eaque
1360 5149 1528 5214 afferemus

293 5254 343 5319 ita
365 5259 403 5319 ut
425 5255 477 5318 cui
501 5255 572 5317 usui
596 5252 652 5316 illa
676 5254 868 5336 pronomine
891 5257 1043 5336 aptentur
1066 5255 1270 5337 perspicuum
1294 5254 1359 5318 fiat.

385 5361 531 5426 Platonis
555 5366 630 5424 sunt
654 5359 687 5422 in
710 5359 858 5424 convivio
882 5358 927 5445 (p.
946 5360 1009 5424 192
1019 5359 1055 5445 b)

349 5476 475 5516 Vahlen!
489 5474 599 5524 opuscula
613 5474 644 5513 ΙΙ.
1280 5470 1313 5518 36
