3925 6675
682 1126 733 1176 DE
752 1122 929 1176 VERSIBUS
947 1125 1130 1177 ENNIANIS.
1481 1124 1522 1187 51

287 1285 383 1352 Unde
408 1291 518 1351 tamen
540 1287 610 1352 noli
633 1286 784 1373 oolJigere
807 1286 893 1371 apud
912 1286 1056 1350 Ennium
1079 1286 1172 1351 aliam
1195 1286 1370 1351 Hannibali
1394 1287 1432 1351 de
1456 1287 1525 1350 uni-

287 1416 381 1459 verso
412 1393 499 1459 bello
526 1391 674 1458 Romano
704 1393 895 1458 sententiam
929 1393 1029 1458 fuisse
1062 1416 1159 1476 quam
1186 1415 1246 1457 nos
1274 1397 1406 1477 propter
1433 1391 1525 1456 illum

288 1523 419 1566 versum
443 1499 648 1565 statuendam
673 1500 823 1564 duximus
847 1522 985 1583 eumque
1008 1501 1071 1564 boc
1095 1502 1232 1564 suasisse
1256 1504 1292 1563 ut
1311 1500 1527 1564 abstineretur

289 1607 428 1691 abello,
451 1628 517 1671 non
542 1612 579 1670 nt
598 1629 636 1672 eo
656 1629 719 1691 quo
740 1606 873 1670 decebat
891 1606 987 1671 modo
1006 1611 1179 1693 gereretur.
1224 1605 1339 1690 Neque
1358 1607 1443 1670 enim
1462 1628 1527 1670 nna

289 1715 327 1778 de
355 1737 392 1779 re
421 1718 479 1778 aut
507 1713 606 1778 semel
634 1713 785 1778 credibile
808 1720 857 1778 est
881 1714 965 1798 apud
990 1713 1132 1778 Ennium
1156 1734 1285 1796 quoque
1309 1712 1526 1777 Hannibalem

292 1819 457 1886 Antiocho
486 1843 537 1884 res
567 1820 724 1907 gerendas
746 1825 803 1884 aut
827 1822 965 1885 suasisse
989 1825 1045 1884 aut
1069 1820 1265 1885 dissuasisse.
1313 1819 1455 1896 Quorum
1481 1821 1526 1882 vi-

292 1950 400 1992 rorum
424 1927 557 2013 ingenio
582 1925 871 1992 diversissimorum
894 1928 989 2010 quale
1013 1931 1045 1990 et
1069 1950 1166 2011 quam
1194 1928 1319 1991 sarium
1347 1931 1379 1991 et
1409 1948 1526 2010 anceps

293 2035 325 2099 in
346 2035 495 2100 consiliis
522 2035 725 2119 gravissimis
751 2034 851 2098 fucrit
878 2034 1119 2117 commercium,
1148 2034 1197 2098 vel
1220 2033 1357 2098 Liviana
1384 2033 1526 2123 narratio

296 2142 445 2224 patefacit
475 2163 557 2225 quae
585 2145 634 2205 est
656 2142 691 2205 in
713 2140 797 2204 libro
821 2157 932 2204 xxxvi
951 2163 976 2205 o.
999 2140 1054 2224 15,
1073 2141 1102 2204 2.
1122 2146 1154 2204 et
1174 2163 1199 2205 c.
1219 2140 1277 2224 41,
1297 2141 1326 2205 2.
1346 2142 1381 2225 c;
1409 2139 1526 2224 quibus

298 2248 453 2314 addantur
482 2247 580 2312 etiam
611 2248 688 2312 baec
717 2246 854 2312 Diodori
876 2265 962 2311 xxix
981 2248 1003 2311 3
1021 2270 1051 2332 p.
1072 2247 1137 2311 382
1156 2247 1250 2311 Dind.
1306 2245 1420 2330 Itaque
1452 2247 1526 2310 illos
1542 2277 1567 2316 ro

301 2377 403 2420 sersus
426 2376 493 2419 non
517 2358 582 2418 tam
607 2353 761 2438 impedire
785 2376 882 2437 quam
900 2353 1051 2418 adunare
1070 2359 1212 2419 nostram
1231 2355 1416 2438 opinionem
1436 2359 1526 2436 puta-

303 2483 375 2544 mus,
398 2483 464 2546 qna
486 2483 615 2526 versum

502 2566 691 2649 Contempsit
711 2569 813 2649 sontes
834 2568 946 2648 qasbrts
968 2570 1107 2650 excrepit
1129 2590 1229 2650 aquae
1251 2571 1299 2634 cis

308 2695 361 2739 una
382 2696 453 2740 cum
477 2673 544 2739 illis
567 2672 672 2739 tribus
695 2676 729 2739 in
751 2676 849 2740 tertio
874 2675 997 2739 decimo
1021 2675 1127 2739 annali
1152 2675 1182 2739 h.
1206 2699 1232 2741 e.
1257 2677 1290 2739 in
1314 2676 1409 2739 rebus
1434 2674 1528 2739 Anti-

311 2781 371 2846 ochi
391 2783 498 2848 locum
523 2780 675 2847 babuisse
699 2784 876 2865 opinamur.
923 2781 990 2848 Scr.
1014 2804 1054 2845 m.
1078 2781 1180 2867 April.
1205 2806 1232 2846 a
1251 2799 1527 2848 nncconxxxxn.
