3925 6675
599 1134 652 1186 DE
668 1134 800 1186 TRIBUS
818 1134 924 1187 Locls
943 1134 1125 1186 HERCULIS
1143 1135 1371 1186 EURIPIDEAE.
1534 1133 1597 1198 257

402 1298 487 1359 neuter
510 1317 633 1380 eorum,
659 1299 697 1360 nt
723 1296 830 1360 solent
856 1297 930 1360 nevi
958 1296 1076 1380 critici,
1104 1297 1251 1379 quemvis
1274 1297 1355 1361 scita
1378 1297 1421 1361 sit
1444 1317 1481 1361 ee
1504 1319 1601 1381 quem

400 1399 509 1483 probent
530 1402 703 1487 sententie,
731 1402 903 1486 quicquam
930 1424 995 1487 quo
1018 1425 1088 1468 eam
1111 1402 1256 1467 stabilire
1279 1407 1336 1468 eut
1359 1426 1378 1468 a
1401 1403 1601 1468 dubitatione

399 1506 529 1575 vindicare
559 1509 666 1596 possis
698 1510 827 1575 adiecit:
858 1531 918 1574 nos
947 1532 1048 1594 pauca
1076 1515 1151 1575 sunt
1178 1532 1260 1594 quac
1287 1509 1474 1575 adminiculi
1501 1511 1603 1575 instar

341 1601 342 1606 ἵ
396 1612 485 1680 efferre
500 1616 670 1703 possimus.
702 1615 804 1694 Quem
823 1617 907 1682 enim
926 1618 961 1682 in
979 1639 1107 1682 sensum
1122 1615 1325 1681 Hermannus
1343 1617 1400 1683 ille
1418 1618 1603 1701 accipienda

394 1717 472 1808 dixit,
494 1723 622 1800 ἐλπίδες
648 1746 689 1808 με
715 1719 863 1800 ἐψενσαν
886 1722 998 1808 δόξης,
1027 1745 1065 1789 eo
1088 1723 1185 1788 modo
1208 1724 1336 1790 locutus
1360 1728 1409 1789 est
1430 1724 1602 1809 Euripides

389 1824 501 1910 ipsein
527 1829 662 1896 Hecuba
685 1827 801 1918 (1032)
831 1853 903 1897 oum
930 1831 1047 1908 certost
1076 1829 1112 1895 σ’
1139 1830 1221 1896 ὁδοῦ
1248 1829 1340 1915 τῆσδ’
1373 1830 1479 1913 ἐλπίς,
1507 1830 1604 1915 δόξης

387 1939 481 2001 entem
501 1935 675 2016 ἐξέπαισαν
697 1935 800 2024 (quod
822 1942 872 2003 est
894 1938 935 2002 ab
959 1937 1117 2020 emolere,
1140 1959 1207 2002 non
1229 1942 1266 2002 ut
1289 1937 1419 2023 quidam
1438 1937 1520 2004 falso
1540 1959 1605 2004 cre

358 2038 523 2109 tdidemnt
548 2045 589 2109 ab
618 2043 782 2124 ἐκπαίςειν
810 2045 898 2130 qnod
923 2044 1019 2110 nihili
1047 2043 1110 2132 est)
1138 2045 1183 2109 ita
1209 2044 1338 2126 dicitur,
1366 2049 1404 2110 ut
1427 2046 1511 2130 apud
1534 2045 1604 2110 Ple-

386 2148 481 2215 tonem
499 2150 662 2216 Phaedrus
684 2150 830 2236 loquitur
852 2150 974 2239 (2280)
996 2162 1094 2218 παῦε·
1117 2150 1334 2237 ἐκκέκρουκάς
1352 2177 1392 2236 με
1411 2152 1544 2229 ἐλπίδος
1562 2154 1605 2236 ἤν

388 2244 470 2338 εἶχον
487 2258 522 2324 ἐν
544 2259 598 2324 σοί
621 2258 667 2336 ὡς
685 2257 981 2344 ἐγγυμνασάμενος.
1018 2259 1165 2343 Denique
1184 2264 1221 2324 nt
1240 2260 1348 2324 omnia
1365 2259 1646 2343 interpretandum

390 2363 632 2451 complectemur,
649 2366 748 2449 πολύ,
766 2364 805 2430 de
824 2387 888 2449 quo
908 2387 990 2451 qnae
1004 2365 1166 2431 Hirzelius
1185 2365 1297 2431 attulit
1314 2388 1379 2431 non
1394 2366 1605 2449 satisfaciunt,

395 2465 475 2546 plene
493 2473 538 2537 ite
559 2473 704 2558 positum
726 2478 776 2537 est
797 2477 834 2538 ut
856 2472 891 2537 in
910 2472 1071 2538 consimili
1090 2474 1248 2539 sententia
1266 2473 1388 2538 Teucer
1406 2471 1605 2558 Sophocleus

397 2566 492 2664 (1382)
514 2580 558 2645 ait
580 2583 640 2644 καί
659 2577 692 2662 μ’
718 2576 862 2657 ἔψευσας
884 2578 1019 2657 ἐλπίδος
1040 2581 1136 2646 πολύ.
1174 2578 1219 2644 At
1240 2603 1315 2646 vero
1334 2579 1413 2646 baec
1433 2580 1507 2646 dum
1528 2585 1605 2647 setis

401 2676 466 2747 inter
483 2707 513 2751 se
534 2687 704 2754 concinere
722 2686 880 2769 uidentur,
902 2690 940 2751 nt
958 2687 1113 2770 quaedam
1133 2686 1250 2752 fiducie
1269 2689 1337 2752 veri
1355 2690 1444 2754 nasci
1464 2689 1606 2774 incipiat,

406 2802 459 2853 tuce
475 2813 509 2858 ex
530 2795 632 2859 altera
653 2797 746 2878 perte
763 2795 814 2858 uir
831 2795 1040 2880 gravissimus
1059 2794 1187 2859 exsistit
1205 2794 1377 2878 Hauptius‚
1401 2797 1456 2879 qui
1481 2816 1554 2860 cum
1573 2799 1608 2860 in

409 2908 500 2964 tumme
523 2902 683 2966 sententia
709 2921 783 2966 cum
810 2899 997 2965 Hermanno
1025 2902 1201 2986 conspiret,
1228 2905 1335 2965 tamen
1363 2901 1420 2966 illa
1444 2900 1542 2986 δόξης
1563 2904 1607 2986 ἣν

341 3016 344 3101 ²,
410 2996 497 3079 ἤλπισα
525 3006 702 3072 insolenter
727 3029 786 3071 nec
813 3009 892 3072 setis
920 3005 1041 3074 Graece
1069 3008 1132 3073 dici
1159 3013 1319 3072 asseverat
1347 3005 1607 3093 (Opp.11261);

411 3101 522 3198 itemque
547 3113 630 3180 elios
657 3113 755 3180 tacite
777 3116 916 3180 sensisse
938 3114 1091 3179 credibile
1114 3118 1176 3198 eet,
1200 3117 1320 3199 quippe
1344 3116 1400 3200 qui
1423 3115 1485 3180 hoc
1508 3117 1608 3200 potis-

412 3211 495 3284 tmum
515 3220 712 3287 emendando
735 3221 876 3307 effugere
899 3221 1072 3287 studerent.
1110 3221 1231 3287 Verum
1255 3221 1417 3306 Hauptins
1440 3222 1517 3287 huic
1540 3228 1609 3288 ten-

341 3300 344 3406 t
412 3320 459 3386 lum
478 3328 676 3395 incommodo
704 3328 935 3395 occurrendum
963 3332 1065 3414 ratus,
1092 3329 1224 3395 mutetis
1251 3329 1498 3415 pronominibus
1521 3332 1608 3397 πολύ
1624 3359 1650 3399 eo

411 3446 438 3504 με
454 3432 535 3519 δόξης
556 3433 733 3514 ἐξέπαισαν
755 3435 887 3513 ἐλπίδες
906 3436 944 3513 δὶς
962 3433 1036 3523 (pro
1055 3435 1112 3523 ἤν)
1126 3486 1134 3501 .
1149 3486 1157 3502 .
1170 3434 1244 3502 ποτ’
1267 3439 1389 3521 ἤλπισα
1407 3438 1610 3503 scribendum

412 3536 520 3607 unierit
556 3541 649 3620 Quod
676 3543 738 3608 etsi
764 3542 836 3607 lene
863 3547 913 3608 est
940 3543 1130 3621 remedium,
1157 3548 1264 3609 temen
1290 3566 1328 3608 eo
1352 3544 1492 3610 remedio
1515 3546 1610 3611 nobis

411 3646 488 3711 nescio
508 3671 570 3734 quo
594 3653 689 3735 pacto
709 3649 811 3715 πλέον
829 3650 986 3732 θάτερον,
1009 3654 1047 3715 ut
1065 3651 1163 3734 aiunt,
1187 3652 1328 3716 effecisse
1347 3652 1435 3716 visus
1455 3657 1516 3716 est:
1536 3675 1610 3716 narn

411 3745 455 3812 mli
473 3758 540 3839 quid
563 3779 624 3822 nos
646 3756 745 3837 fallit,
767 3778 834 3822 non
856 3761 923 3822 tam
947 3757 1092 3841 ἐλπίδας,
1116 3780 1197 3842 quae
1221 3759 1398 3842 excutiant,
1423 3781 1518 3843 quem
1543 3761 1610 3843 opi·

412 3852 507 3927 monem
537 3885 620 3949 quae
646 3863 829 3929 excutietur
857 3864 919 3929 dici
947 3865 1181 3949 exspectaveris
1210 3865 1313 3950 qualis
1342 3865 1440 3930 fuerit
1468 3870 1499 3929 et
1527 3866 1611 3930 unde

411 3963 471 4029 nete
500 3967 544 4035 Ut
572 3971 658 4036 enim
685 3974 736 4036 est
762 3971 797 4035 in
823 3970 970 4037 Platonis
993 3971 1139 4037 Phaedro
1168 3971 1384 4055 ἐκκέπρουκοίς
1412 3996 1451 4056 με
1479 3971 1612 4049 ἐλπίδος

412 4061 543 4161 ltetxov,
567 4078 614 4142 sic
636 4076 768 4165 Megara
792 4099 919 4163 quoque
942 4078 1051 4163 potuit
1073 4078 1129 4143 ille
1153 4079 1281 4164 quidem
1303 4079 1406 4143 dicere
1425 4078 1554 4155 ἐλπίδες
1572 4103 1612 4161 με

412 4169 555 4250 ἑἐὲίαισαν
577 4184 673 4269 δόξης
694 4186 737 4268 ἤν
760 4176 850 4270 εἶχον
874 4184 909 4249 ἐκ
932 4186 1055 4269 πατρὸς
1078 4189 1201 4269 λόγων,
1227 4186 1283 4250 sed
1305 4185 1419 4249 meluit
1443 4186 1540 4250 verbo
1564 4188 1613 4250 uti

412 4287 487 4371 Mete
511 4291 550 4355 ed
574 4312 643 4356 rem
666 4292 815 4377 apposito
839 4296 876 4356 ut
900 4292 946 4356 ite
968 4292 1088 4357 diceret
1111 4290 1286 4371 ἐξέπαισαν
1310 4292 1406 4376 δόξης
1429 4293 1471 4375 ἤν
1492 4295 1612 4376 ἤλπισα

411 4381 566 4483 henrodo
593 4400 712 4482 λόγων.
747 4396 809 4464 Illo
836 4420 912 4463 vero
941 4421 1048 4464 errore
1076 4401 1191 4464 mentis
1220 4421 1259 4463 ne
1287 4400 1484 4484 abripiamur
1506 4401 1613 4464 incon-
1629 4424 1654 4467 eo

411 4497 477 4589 sne,
502 4527 566 4590 quo
589 4503 754 4590 Hauptins
782 4509 815 4572 et
841 4504 988 4590 plerique
1015 4507 1138 4571 seducti
1167 4506 1229 4571 sibi
1252 4506 1459 4590 persuadent,
1490 4530 1554 4572 non
1578 4511 1614 4570 ut

407 4600 500 4677 tuce
525 4612 684 4696 ἐλπίζειν,
711 4611 814 4698 ὕβριν
837 4613 1001 4699 ὑβρίζειν,
1028 4615 1190 4679 κίνδυνον
1212 4614 1438 4697 κινδυνεύειν,
1466 4617 1615 4698 τόλμημα

405 4718 516 4804 τολμᾶν,
539 4719 603 4785 elie
625 4718 666 4784 ad
690 4741 763 4784 eum
786 4719 919 4784 modum
942 4721 1062 4785 usitate
1086 4724 1169 4803 sunt,
1193 4721 1239 4784 sic
1262 4743 1357 4804 posse
1376 4722 1472 4785 etiam
1492 4722 1614 4785 variato

341 4867 342 4874 α
399 4818 534 4909 loquendi
561 4826 659 4891 modo
687 4826 751 4891 dici
779 4825 880 4904 δόξαν
907 4824 1050 4905 ἐλπίζειν
1078 4824 1194 4913 (δόξαν
1220 4828 1263 4911 ἤν
1291 4825 1442 4914 ἤλπισα),
1474 4828 1613 4911 primum

396 4931 700 4999 mimedvertendum
732 4937 795 5015 est,
827 4938 864 4998 ut
891 4932 985 4999 Plato
1018 4934 1114 5012 δόξας
1141 4944 1209 4999 τῶν
1235 4937 1425 5017 μελλόντων
1453 4934 1614 4999 communi

392 5040 600 5127 appellatione
622 5038 759 5118 ἐλπίδας
781 5040 942 5106 nominari
961 5042 1091 5125 scripsit
1110 5037 1211 5127 (Νόμ.
1230 5060 1242 5104 1
1260 5063 1291 5125 p.
1310 5040 1376 5104 644
1386 5039 1427 5126 ο),
1451 5041 1495 5103 ite
1514 5038 1614 5117 δόξαν

388 5153 418 5214 et
447 5169 530 5233 quae
559 5169 632 5213 cum
660 5169 698 5213 eo
726 5148 857 5213 nomine
884 5148 1056 5214 coniuncte
1083 5152 1159 5212 sunt
1186 5151 1243 5211 eut
1270 5148 1310 5211 ab
1338 5148 1448 5211 eedem
1477 5167 1549 5209 cum
1578 5165 1615 5208 eo

384 5256 510 5342 origine
541 5254 639 5320 ductu
671 5276 765 5339 saepe
793 5277 867 5320 cum
894 5254 1027 5332 ἐλπίδος
1054 5254 1183 5319 nomine
1211 5276 1283 5318 eum
1313 5255 1345 5317 in
1375 5252 1504 5317 modum
1532 5273 1617 5315 oom-

379 5364 485 5434 mi1t⁸
512 5366 545 5426 et
572 5361 753 5447 composita
778 5361 857 5448 legi,
885 5366 922 5425 ut
949 5366 1120 5447 cognatam
1148 5382 1185 5425 ao
1212 5381 1313 5445 paene
1340 5360 1473 5424 eandem
1502 5358 1618 5422 utrius-

434 5475 736 5527 veernrwuem
1371 5468 1403 5515 ιτ
