3925 6675
659 1135 710 1184 uu
727 1134 956 1184 unuuusuuo
976 1135 1135 1186 vmnmo
1154 1136 1309 1188 nnuma.
1540 1135 1605 1200 143

508 1295 689 1360 Libidinosi
710 1296 899 1360 centurionis
920 1296 1108 1378 suppliciam
1133 1298 1182 1362 M.
1206 1297 1334 1362 Laetori
1356 1299 1464 1380 Mergi
1486 1299 1606 1364 intona?

509 1402 667 1467 militarie.
681 1423 776 1485 cepoe
797 1401 942 1485 †eimdie
961 1403 1072 1483 foedae
1094 1406 1194 1469 aaitna
1216 1406 1354 1485 sepulte
1377 1405 1452 1488 274,
1473 1405 1523 1470 13.

399 1513 440 1581 dic
462 1517 538 1582 baec
566 1517 736 1603 Kompfius
769 1517 881 1582 edidit:
914 1519 948 1581 in
981 1518 1099 1601 quibus
1131 1519 1218 1604 quod
1249 1520 1332 1584 falso
1366 1521 1522 1604 scriptum
1555 1523 1606 1585 est

401 1625 479 1688 uultu
495 1625 623 1690 inutilia
641 1626 811 1690 conamina
828 1625 1017 1688 emendandi
1036 1627 1231 1710 procreavit3
1251 1648 1332 1710 quae
1350 1648 1436 1691 nunc
1455 1629 1605 1692 omittere

402 1730 468 1814 leot,
490 1738 700 1817 posteaquam
728 1732 814 1815 quod
842 1753 954 1796 verum
977 1737 1027 1796 est
1049 1731 1165 1798 Hercei
1190 1755 1322 1797 acumen
1346 1734 1520 1818 intellexit,
1548 1736 1603 1818 qui

404 1834 539 1903 Valerium
562 1838 683 1904 boboni
705 1839 857 1903 militane
879 1824 973 1920 aeq-ne
993 1841 1077 1920 foedi
1099 1840 1215 1905 similis
1232 1842 1333 1905 aedos
1351 1841 1491 1906 voluisse
1509 1841 1605 1924 liqui-

405 1941 435 2006 do
452 1943 678 2010 demonstravit.
714 1944 828 2010 Nihilo
851 1945 959 2010 minus
980 1947 1103 2033 ambigi
1121 1951 1229 2030 potest
1248 1947 1286 2010 de
1305 1947 1518 2012 collocatione
1537 1970 1605 2012 ver-

406 2048 499 2115 borum.
533 2051 679 2117 Heraeus
706 2053 792 2117 enim
820 2075 889 2117 eam
919 2075 1015 2136 quam
1044 2053 1200 2118 librorum
1227 2054 1382 2118 memoria
1405 2055 1605 2119 demonstrat

406 2157 496 2222 titoni
519 2161 671 2224 molitoris
696 2181 792 2241 waste
817 2160 935 2224 similis
959 2161 1045 2241 foedi
1072 2161 1173 2226 alins
1199 2160 1275 2224 ferri
1304 2183 1370 2225 non
1398 2183 1492 2244 posse
1514 2166 1604 2226 ratus

405 2263 527 2330 suadente
548 2268 709 2331 sententia
731 2266 875 2330 restituit
897 2268 1064 2352 uulgarem
1087 2267 1207 2331 tribuni
1230 2267 1381 2332 militares
1404 2289 1499 2350 aeque
1519 2269 1604 2350 foedi
1618 2294 1646 2334 n

405 2371 493 2437 ciniis
515 2375 622 2438 eniteas
661 2372 720 2438 (lui
747 2394 808 2437 nos
829 2393 900 2456 'quo
928 2374 1035 2437 minus
1063 2374 1200 2438 fidenter
1227 2375 1439 2438 assentiamus
1468 2375 1604 2458 impedit

405 2475 521 2544 similiter
541 2482 682 2544 formata
705 2481 808 2544 oratio
833 2502 914 2564 quae
936 2481 1058 2565 legitur
1080 2504 1110 2564 p.
1129 2481 1204 2562 431,
1226 2482 1243 2544 1

507 2596 674 2661 Hannibal
690 2598 726 2660 in
744 2596 875 2676 flamine
894 2597 1030 2679 Vergello
1049 2597 1226 2678 corporibus
1239 2597 1397 2662 Maeonia
1409 2603 1505 2679 ponte
1520 2599 1604 2678 facio

507 2692 671 2768 necdum
692 2704 882 2786 transducit,
903 2709 939 2768 at
961 2723 1056 2785 aeque
1078 2707 1269 2769 terrestriam
1287 2704 1443 2768 sodntom
1461 2704 1605 2768 Kortia

506 2813 696 2893 piaminum
728 2813 889 2891 oopiaonrn
920 2812 1095 2892 inpressam
1128 2817 1211 2875 terro
1241 2832 1337 2892 paoni
1367 2813 1604 2875 maritimorum

506 2917 672 2998 Neptunus
693 2919 890 3000 experiretur,

401 3025 445 3090 ubi
455 3027 625 3118 Madvigius
644 3033 700 3116 qui
719 3035 893 3115 inpressum
911 3034 1056 3098 restituit
1074 3031 1244 3119 (traditum
1263 3037 1349 3099 enim
1369 3039 1418 3098 est
1435 3031 1601 3119 eprneum)

401 3153 472 3215 atone
489 3134 642 3205 seeleslnrn
665 3142 855 3205 terrestriam
879 3143 959 3224 poni
981 3139 1125 3226 iussit*),
1149 3163 1244 3224 quem
1273 3143 1416 3225 positum
1445 3142 1509 3205 iam
1537 3162 1604 3205 cor-

360 3236 387 3292 ¹¹
399 3246 482 3309 rector
503 3246 621 3311 codicis
644 3246 816 3312 Beruensis
840 3249 976 3331 notavit,
999 3252 1032 3312 et
1054 3249 1201 3331 proiecto
1224 3248 1307 3312 nihil
1331 3240 1603 3312 accommodatius

395 3368 447 3416 esse
472 3354 509 3418 ud
538 3355 730 3419 sententiam
758 3355 880 3439 potuit3
907 3377 981 3418 nam
1010 3376 1104 3437 aeone
1130 3357 1286 3421 sedecim
1310 3359 1462 3442 coniungi
1484 3355 1646 3440 voluitne

391 3477 441 3521 non
465 3482 557 3544 aepne
583 3464 782 3526 monrium.
820 3460 914 3538 Quod
943 3464 970 3526 si
1000 3465 1179 3547 sequimur,
1208 3468 1316 3528 tamen
1339 3465 1372 3527 in
1395 3466 1459 3528 ista
1480 3463 1604 3549 insigni

388 3564 506 3633 duorum
530 3569 676 3633 locorum
700 3568 911 3634 similitudine
934 3568 1110 3634 verendum
1134 3574 1183 3634 est
1202 3592 1242 3635 ne
1260 3574 1372 3634 nostro
1391 3572 1496 3656 magis
1515 3591 1603 3634 more

383 3676 529 3740 sentiendi
553 3698 649 3760 qnam
673 3680 817 3740 veterum
841 3697 904 3739 usu
927 3676 1071 3741 ordinem
1095 3676 1267 3741 verborum
1288 3679 1502 3741 instituamus.
1540 3674 1603 3740 Sed

377 3788 453 3849 aro:
484 3783 604 3848 certius
635 3782 764 3867 quidem
792 3782 933 3847 iudicare
961 3782 1037 3848 licet
1063 3782 1103 3847 de
1135 3784 1300 3867 proximis.
1338 3783 1387 3847 Dc
1417 3783 1604 3848 Alexandro

373 3893 454 3956 euim
477 3914 510 3975 p.
528 3889 604 3974 412,
626 3891 665 3953 11
690 3888 769 3979 haec
791 3889 963 3954 traduntur

502 4005 684 4070 Alexandri
704 4011 812 4086 pedus
840 4006 1020 4070 insatiabile
1047 4006 1167 4084 landis,
1194 4008 1249 4087 poi
1279 4006 1469 4071 Anaaorcbo
1499 4007 1603 4069 comiti

502 4133 559 4178 suto
577 4134 615 4177 ee
632 4114 815 4177 ondonlate
832 4111 1005 4177 Democriti
1021 4115 1234 4195 praeceptoris
1251 4112 1494 4177 innumerabiles
1512 4132 1604 4175 mnn-

503 4221 559 4285 dos
586 4240 649 4284 esse
675 4220 821 4302 referenti
849 4218 918 4283 ‘len
947 4220 1005 4284 rne'
1035 4221 1138 4301 inquit
1166 4220 1338 4298 ‘miseran
1367 4220 1450 4300 qnod
1475 4240 1513 4282 ne
1539 4239 1602 4283 nno

364 4383 582 4393 .-.----

454 4487 522 4552 ’18)
540 4483 635 4556 [Quod
658 4483 832 4555 Madvigium
856 4484 970 4538 iussisse
994 4484 1063 4538 Adv.
1084 4483 1145 4538 crit.
1165 4503 1186 4537 11
1204 4501 1232 4552 p.
1252 4489 1303 4536 334
1327 4499 1417 4553 paene
1438 4483 1540 4536 mirum
1559 4484 1606 4537 est

364 4577 434 4644 quia
461 4575 493 4628 in
521 4573 622 4627 iisdem
645 4573 715 4629 nov.
734 4592 761 4642 p.
782 4579 834 4625 529
862 4573 948 4626 verbe
970 4572 1057 4625 Plinii
1085 4572 1388 4627 net.hist.xxx111'l3
1413 4572 1453 4626 sio
1476 4572 1603 4626 restituit

363 4681 443 4718 nona
459 4665 569 4730 fractae
587 4662 662 4717 eadit
680 4664 715 4718 ab
732 4648 788 4716 sese
807 4663 884 4732 lonpe
897 4663 1008 4732 fragore
1022 4662 1070 4731 qai
1083 4663 1191 4730 corenpi
1203 4663 1325 4715 bernano
1340 4668 1426 4716 mente
1439 4679 1495 4716 non
1505 4662 1603 4730 poerit,

361 4770 448 4822 aeque
476 4753 575 4820 efflatu
603 4751 761 4806 incredibili
788 4750 853 4821 (fuit
875 4768 940 4819 eqne
962 4750 1060 4818 efflata
1083 4752 1102 4803 i.
1126 4754 1256 4819 spectant)
1286 4752 1372 4818 atque
1400 4750 1602 4818 interpretatur

361 4846 462 4911 afflatis
484 4858 570 4910 aeqroe
592 4841 749 4895 incredibili
771 4843 856 4910 (nuuc
878 4840 972 4893 editur
994 4857 1078 4908 mone
1099 4848 1124 4893 et
1141 4842 1211 4908 {latu
1229 4841 1267 4907 i).
1300 4840 1394 4906 Atque
1412 4857 1496 4908 aeque
1513 4838 1601 4907 pauti-

360 4932 459 4987 ειὼω
478 4930 577 4985 medes
596 4930 651 4983 hoc
668 4929 776 4999 proprii
794 4929 899 4983 habere
916 4933 950 4983 ut
968 4932 1114 4998 separetur
1132 4945 1150 4981 a
1169 4946 1219 4983 suo
1238 4929 1364 4993 nomine;
1388 4927 1485 4997 itaque
1506 4926 1601 4981 Cicero

361 5020 465 5076 scribit
483 5020 520 5074 de
538 5020 585 5075 fin.
600 5038 629 5074 ιν
644 5026 687 5086 12,
701 5024 736 5072 30
755 5026 786 5073 ut
804 5020 829 5072 ci
847 5020 896 5088 qni
914 5021 1033 5073 ineundo
1051 5021 1150 5073 cinnii
1169 5036 1258 5072 annos
1276 5019 1372 5084 decem,
1390 5019 1415 5072 ei
1430 5034 1530 5085 aeque
1544 5018 1604 5070 cita

361 5110 491 5165 iucunda
513 5116 652 5164 menania
671 5109 805 5175 addetum
829 5110 859 5159 et
873 5104 1017 5161 Cornelius
1035 5106 1131 5176 Nepos
1150 5106 1228 5159 Eum.
1245 5113 1269 5171 t,
1286 5113 1301 5157 6
1320 5124 1372 5174 qno
1391 5107 1495 5172 foetum
1514 5112 1552 5158 eat
1571 5146 1600 5157 ..

361 5209 393 5255 et
412 5216 517 5268 aeque
535 5190 657 5252 innuente
675 5198 767 5251 nitido
781 5214 815 5250 ea
828 5197 937 5250 moeno
950 5197 1080 5262 edicemt,
1095 5214 1128 5251 aa
1140 5198 1166 5250 ei
1181 5239 1186 5249 .
1203 5239 1207 5249 .
1229 5194 1288 5259 Quo
1304 5195 1407 5248 certius
1422 5194 1473 5247 illa
1486 5192 1600 5247 Valerio

360 5287 551 5358 relinquenda
569 5289 637 5340 eunt
654 5300 746 5353 neque
764 5286 806 5338 ita
823 5284 1049 5338 ratiocinandum
1069 5286 1114 5338 vix
1133 5284 1208 5338 credi
1225 5300 1307 5352 posse
1322 5300 1386 5336 eum
1401 5286 1528 5351 apertam
1542 5297 1601 5334 am-

362 5379 536 5448 bigne-um
556 5377 645 5430 vitare
663 5374 809 5445 noluisse]
