3925 6675
517 1125 698 1178 sauricum
717 1127 912 1178 passorum
931 1127 1229 1180 oasunvasrouns
1248 1130 1282 1179 11.
1470 1127 1535 1191 385

320 1280 381 1346 cun
409 1308 486 1371 quae
518 1286 718 1353 desideratur
749 1287 783 1351 in
811 1288 902 1353 libris
930 1291 1120 1373 interposita
1148 1290 1256 1354 omnia
1284 1313 1348 1354 una
1376 1293 1535 1355 sententia

313 1391 520 1473 amplectatur,
539 1392 558 1459 δ
577 1393 843 1478 ἀπονενοημένος
861 1399 1011 1472 τοιοῦτός
1029 1421 1079 1473 τις
1098 1387 1168 1473 οἷος
1183 1395 1301 1480 ὀμόσαι
1315 1399 1408 1481 ταχύ,
1427 1408 1535 1473 κακῶς

306 1488 441 1565 ἀκοῦσαι
468 1499 547 1579 (καὶ)
571 1505 813 1586 λοιδορηθῆναι
838 1504 1025 1586 δυνάμενος
1046 1502 1077 1567 h.
1097 1527 1122 1568 e.
1147 1502 1412 1587 ἀπονενοημένος
1435 1503 1463 1566 is
1487 1507 1536 1567 est

300 1600 359 1680 qui
382 1603 564 1695 (negligens
587 1613 624 1673 ut
647 1613 697 1673 est
719 1609 924 1696 sacramenti)
948 1610 1032 1674 iuret
1056 1612 1208 1693 celeriter,
1234 1614 1347 1695 utpote
1371 1612 1426 1694 qui
1450 1610 1561 1693 mala¹

295 1701 388 1775 fama
410 1717 518 1780 vexari
541 1720 574 1779 et
597 1716 752 1781 conviciis
770 1717 838 1801 peti
856 1718 967 1801 possit
1006 1715 1077 1793 Qua
1095 1717 1128 1780 in
1147 1740 1181 1781 re
1200 1739 1395 1801 quamquam
1414 1718 1453 1782 ab
1472 1718 1536 1781 hoc

292 1816 459 1903 wriptore
482 1822 548 1887 fere
571 1822 711 1888 alienum
735 1828 783 1888 est
806 1825 970 1910 geminare
992 1823 1121 1907 similia,
1143 1829 1252 1888 tamen
1270 1824 1422 1889 hocloco
1442 1811 1536 1888 alteri

287 1915 438 1993 &lterum
462 1951 502 1993 ex
525 1930 657 2015 paribus
681 1935 713 1995 et
736 1931 867 2016 gravius
889 1930 975 1995 haud
995 1930 1177 1996 inconsulto
1197 1931 1357 1995 adnexum
1375 1931 1536 2014 videatur3

286 2021 567 2121 interpolatorem
587 2058 663 2103 vero
682 2037 734 2101 hic
754 2037 832 2121 quid
850 2038 990 2102 movisse
1009 2038 1153 2120 dicimus,
1173 2042 1208 2101 ut
1227 2039 1336 2102 addito
1355 2038 1454 2102 verbo
1469 2039 1535 2102 vim

285 2141 462 2211 passivam
490 2143 581 2207 verbi
603 2155 711 2221 κακῶς
734 2144 873 2210 ἀκοῦσαι
898 2144 1086 2227 declararet,
1114 2166 1187 2209 cum
1211 2146 1398 2229 praesertim
1425 2146 1535 2209 λοιδο-

284 2249 448 2333 ρηθῆναι
472 2251 659 2332 δυνάμενος
681 2272 778 2334 quam
801 2255 876 2336 apte
899 2251 1038 2335 dicatur,
1061 2252 1112 2316 vel
1134 2251 1332 2316 Philemonis
1356 2273 1466 2315 versus
1490 2251 1536 2315 in·
1551 2279 1577 2318 ιο

284 2338 384 2419 dicio
408 2356 476 2422 sint
500 2355 669 2444 (Meinekii
688 2356 776 2424 Com.
796 2356 905 2424 Graec.
925 2377 960 2422 lv
979 2382 1009 2444 p.
1029 2356 1064 2445 9)

539 2464 637 2547 ἥδιον
660 2465 762 2531 οὐδὲν
785 2462 864 2530 οὐδὲ
887 2468 1135 2550 μουσικώτερον

538 2567 605 2637 ἔστ’
633 2572 652 2655 ἢ
676 2573 845 2638 δύνασθαι
869 2573 1132 2655 λοιδορούμενον
1155 2571 1286 2657 φέρειν·

539 2677 557 2743 ὁ
580 2680 747 2763 λοιδορῶν
770 2678 848 2762 γάρ,
872 2680 914 2744 διν
937 2679 954 2745 ὁ
979 2680 1236 2761 λοιδορούμενος

537 2786 582 2869 μὴ
605 2795 842 2869 προσποιῆται,
866 2787 1065 2871 λοιδορεῖται
1090 2787 1263 2870 λοιδορῶν.

287 2870 366 2951 Sed
382 2890 461 2957 haec
481 2895 556 2956 utut
573 2892 764 2975 iudicantur,
787 2892 933 2975 certiora
953 2894 1020 2957 nisi
1037 2892 1189 2974 fallimur,
1208 2891 1284 2957 licet
1303 2891 1341 2957 de
1364 2891 1536 2957 Plutarcho

289 2994 523 3065 retrahendo
543 3002 576 3064 et
594 2999 750 3084 exemplis
769 2999 904 3065 efficere.
937 2998 1039 3076 Quem
1059 3011 1165 3075 κακῶς
1184 2998 1321 3064 ἀκούειν
1340 3021 1377 3063 ea
1391 3001 1423 3063 vi
1439 3021 1536 3084 quam

292 3084 442 3172 &tetus
465 3105 623 3193 explicuit
645 3107 821 3191 scripsisse,
843 3107 877 3172 id
900 3107 987 3192 quod
1010 3108 1065 3172 ille
1088 3105 1235 3190 exemplo
1255 3106 1404 3185 firmavit,
1428 3111 1537 3191 potest

293 3210 411 3277 “utam
432 3213 604 3299 permultis
626 3212 768 3298 probari,
792 3212 873 3277 nihil
892 3214 975 3291 miri,
998 3215 1027 3289 si
1047 3213 1175 3297 quidem
1194 3213 1273 3277 hacc
1291 3217 1340 3278 est
1359 3214 1537 3278 communis

294 3297 428 3387 dicendi
449 3321 545 3407 ratio,
567 3343 632 3406 qua
654 3343 748 3406 saepe
771 3321 874 3404 multi,
900 3321 997 3403 velut,
1020 3320 1107 3386 hunc
1130 3326 1166 3386 ut
1191 3344 1289 3405 supra
1312 3319 1418 3385 allatis
1442 3320 1536 3384 adda·
1550 3345 1578 3386 sc

292 3423 390 3510 mus,
410 3427 523 3513 Lysias
546 3427 596 3515 (8,
615 3429 644 3493 3.
666 3428 721 3513 153
747 3429 872 3512 10‚11.
894 3426 965 3515 13),
988 3430 1039 3493 usi
1062 3433 1146 3494 sunt.
1184 3427 1306 3493 Verum
1330 3433 1439 3492 tamen
1461 3427 1535 3491 Plu·

292 3514 448 3601 hunum
471 3538 507 3601 in
528 3536 597 3601 vita
619 3534 736 3600 Thesei
759 3557 824 3600 non
845 3537 1011 3621 scripsisse
1031 3557 1111 3619 quae
1130 3536 1222 3599 libris
1241 3535 1413 3599 traduntur
1432 3539 1464 3599 et
1483 3534 1537 3599 ad-

292 3612 376 3701 hue
393 3643 606 3729 vulgabantur
628 3644 682 3708 καὶ
706 3644 768 3727 γάρ
793 3642 811 3708 δ
830 3646 950 3719 Μίνως
972 3640 1023 3708 ἀεὶ
1048 3641 1184 3707 διετέλει
1204 3652 1311 3719 κακῶς
1330 3641 1463 3706 ἀκούων
1481 3639 1536 3707 καὶ

292 3727 561 3834 λοιδορούμενος
579 3749 616 3815 ἐν
634 3761 704 3826 τοῖς
715 3748 871 3826 Ἀττικοῖς
890 3750 1045 3833 θεάτροις
1064 3748 1120 3814 sed
1134 3753 1262 3813 tantum
1279 3748 1414 3813 διετέλει
1429 3760 1537 3825 κακῶς

291 3831 436 3920 ἀκούων
458 3856 496 3921 ἐν
518 3867 589 3933 τοῖς
608 3854 652 3921 Ἀ.
675 3857 841 3939 θεάτροις,
865 3856 951 3920 illius
975 3859 1083 3920 autem
1108 3854 1288 3940 explicandi
1313 3877 1407 3920 causa
1426 3856 1536 3919 λοιδο-

292 3958 465 4042 Φῡύμενος
492 3963 534 4028 ab
562 3963 792 4047 interpolatore
819 3964 993 4048 adiectum,
1025 3960 1165 4026 Cobetus
1193 3984 1288 4048 aegre
1316 3961 1413 4025 fidem
1441 3961 1537 4027 faciet

295 4065 519 4136 enuntianti
542 4074 575 4134 et
597 4069 677 4135 haec
700 4070 763 4134 duo
787 4092 846 4134 usu
870 4091 1050 4154 synonyma
1073 4091 1141 4133 esse
1165 4073 1196 4132 et
1220 4068 1427 4133 Plutarchum
1453 4066 1536 4131 nihil

294 4168 409 4258 ¹1¹agis
425 4177 459 4241 in
477 4177 600 4243 deliciis
619 4177 769 4242 habuisse
788 4200 884 4261 quam
904 4177 1076 4241 cumulatis
1095 4176 1232 4261 geminis
1252 4175 1390 4239 crationi
1409 4173 1535 4257 pondus

296 4273 428 4367 *diere
450 4286 516 4369 qui,
538 4306 579 4349 ne
600 4282 731 4370 longius
755 4284 914 4367 abeamus,
938 4285 970 4349 iu
995 4306 1059 4349 uno
1083 4284 1187 4369 capite
1214 4283 1252 4347 l'l
1278 4282 1421 4346 eiusdem
1440 4279 1536 4346 Vitae

301 4384 418 4454 toribii
453 4389 680 4476 ὀδυρομένους
713 4390 768 4456 καὶ
801 4390 1089 4473 ἀγανακτοῦντας,
1125 4392 1274 4474 γνησίων
1306 4388 1448 4471 ἐρήμους
1480 4385 1535 4453 καὶ
1550 4412 1577 4453 rc

302 4474 445 4574 ἃέῐιιιδας
472 4496 771 4582 ἀπολειπομένους,
803 4496 873 4563 έπελ
901 4499 1058 4580 δεόμενος
1084 4498 1139 4561 καὶ
1166 4496 1392 4561 καθικετεύων
1419 4494 1536 4579 ἀμετά-

305 4603 439 4669 πειστον
466 4604 553 4690 ε’ύρα
580 4602 634 4670 καὶ
663 4604 918 4689 ἀμετάτρεπτον,
945 4604 1062 4689 quibus
1089 4626 1128 4667 ex
1152 4626 1176 4668 c.
1199 4602 1239 4667 13
1263 4600 1386 4686 ἔπηλυς
1410 4603 1457 4667 διν
1481 4600 1534 4666 καὶ

307 4682 407 4794 εἕλος,
428 4733 453 4776 c.
475 4710 517 4776 14
539 4720 600 4777 τοῦ
623 4710 779 4795 ξενισμοῦ
803 4712 857 4777 καὶ
880 4721 938 4795 τῆς
961 4710 1128 4795 ὑποδοχῆς
1152 4710 1260 4774 addita
1283 4711 1356 4774 sint.
1393 4708 1434 4772 Ei
1461 4729 1536 4773 vero

309 4808 367 4872 ⁰¹¹5
384 4816 457 4884 haec
480 4818 671 4904 placuerunt
691 4818 867 4883 adimentes
885 4818 942 4883 illa
961 4818 1098 4883 διετέλει
1117 4829 1223 4893 κακῶς
1243 4816 1375 4881 ἀκούων
1393 4814 1447 4880 καὶ
1469 4820 1535 4880 λοι-

311 4900 521 5009 δῡῆούμενος,
549 4924 722 4990 verendum
750 4930 799 4989 est
823 4946 863 4988 ne
887 4947 944 4989 sua
967 4926 1118 5008 scriptori
1141 4924 1331 4988 auferamus.
1370 4921 1432 4985 Sed
1458 4922 1537 5004 quid

308 5021 470 5098 1¹0⁸hoec
497 5031 679 5119 colligendo
707 5053 747 5095 ex
775 5032 846 5095 aliis
875 5031 959 5096 effici
987 5031 1157 5095 volumus?
1188 5029 1294 5114 Ipsius
1321 5028 1476 5093 orationis
1502 5028 1536 5090 in

307 5128 457 5225 1²¹0me
480 5144 557 5206 sunt
579 5138 738 5224 exempla;
762 5139 848 5223 quod
872 5161 973 5225 genus
998 5139 1032 5203 in
1054 5140 1121 5202 vita
1139 5136 1273 5202 Periclis
1297 5156 1322 5199 c.
1341 5134 1362 5198 5
1384 5133 1538 5198 scribitur

306 5219 615 5331 λοιδορούμενος
638 5256 723 5330 γοῦν
745 5268 824 5311 ποτε
847 5247 910 5310 καὶ
929 5256 1055 5322 κακῶς
1074 5244 1229 5310 ἀκούων
1248 5244 1323 5308 ὑπό
1342 5264 1449 5317 τινος
1468 5251 1536 5305 τῶν

301 5323 479 5438 Maricas
496 5352 549 5420 nal
570 5353 763 5420 ἀκολάστων
781 5357 853 5437 κτλ;
871 5374 953 5437 quae
972 5352 1143 5416 coniuncta
1161 5352 1216 5435 qui
1231 5350 1306 5415 ferri
1320 5370 1415 5433 posse
1429 5352 1535 5433 negat,

360 5455 652 5518 vnaiusomnm
1288 5459 1320 5506 ιιι
