3925 6675
341 1160 359 1729 l

341 1758 357 1973 l

341 2014 346 2079 i

349 2128 353 2143 ,
432 2045 542 2130 XLVII.
569 2056 742 2147 INDEX
768 2057 1085 2130 LECTIONUM
1113 2057 1459 2131 AESTIVARUM
1487 2061 1587 2132 1898.

344 2208 350 2227 ι
389 2211 403 2266 ¹
485 2218 684 2308 Quaestiones
711 2232 865 2318 quasdam
888 2231 1140 2316 Aristophaneus
1164 2234 1383 2318 prooemiandi
1408 2255 1503 2298 causa
1526 2234 1641 2298 colli-³

341 2280 345 2387 l
406 2328 503 2420 Simus,
521 2362 586 2405 non
604 2360 719 2425 graves
738 2340 920 2423 admodum,
939 2340 994 2404 sed
1013 2340 1130 2425 quibus
1149 2342 1295 2426 quamvis
1313 2340 1487 2406 levioribus
1506 2331 1614 2406 tamen

402 2424 600 2511 bonfortasse
619 2446 746 2512 ostendi
764 2449 878 2532 possit,
901 2448 978 2531 quid
997 2447 1156 2534 agendum
1176 2448 1270 2512 sitin
1290 2448 1350 2512 hoc
1370 2471 1485 2535 genere
1503 2453 1539 2512 ut
1558 2449 1614 2513 sli-

398 2548 473 2620 quid
489 2554 727 2639 argumentandi
750 2555 783 2618 vi
801 2555 968 2619 efficistm.
1005 2554 1050 2619 Et
1071 2554 1133 2619 hoo
1153 2577 1220 2618 esse
1239 2555 1318 2619 utile
1338 2577 1502 2621 censemus
1521 2556 1561 2619 iis
1585 2558 1613 2621 si

393 2655 458 2726 ‘lui
467 2658 498 2724 ed
508 2661 584 2727 haec
597 2661 707 2726 studia
719 2661 919 2744 incumbunt,
934 2684 953 2725 a
966 2661 1126 2745 principio
1141 2661 1204 2726 sibi
1218 2661 1408 2746 persuadere
1418 2686 1484 2728 non
1493 2686 1612 2727 meram

388 2744 547 2833 libidinem
563 2789 698 2855 regnare
712 2769 747 2832 in
760 2768 812 2833 his
826 2767 932 2851 rebus,
950 2768 1006 2833 sed
1019 2769 1198 2834 rationibus
1214 2774 1246 2833 et
1260 2791 1426 2834 causarum
1441 2771 1613 2835 momentis

385 2869 513 2939 probari
530 2879 562 2940 ot
573 2876 742 2960 reprobari
756 2880 904 2959 oportere
919 2880 956 2940 ut
970 2877 1049 2941 certi
1064 2876 1141 2960 quid
1156 2876 1377 2941 constituatur.
1411 2874 1612 2940 Disseremus

384 2980 494 3046 “uteru
509 2982 648 3067 primum
668 2981 707 3048 de
725 2981 871 3047 versibus
890 2983 1055 3048 nonnullis
1069 2983 1225 3067 Equitum
1245 2984 1344 3068 vulgo
1359 3005 1423 3047 non
1438 2987 1522 3047 recte
1537 2983 1611 3047 scri-

382 3079 462 3154 Pte}
474 3093 522 3153 aut
537 3113 651 3174 parum
670 3111 822 3174 prospere
841 3089 1067 3174 interpretatis.
1104 3089 1185 3155 llam
1204 3091 1346 3155 fabulam
1366 3107 1655 3154 s.nncccux1x1u

384 3177 549 3278 Adelphos
571 3196 732 3263 Velsenus
764 3220 783 3261 a
814 3220 847 3261 se
879 3199 1078 3263 emendatam
1112 3203 1144 3261 et
1171 3197 1426 3282 locupletissimo
1454 3202 1611 3281 apparatu

386 3296 498 3367 erite
513 3304 702 3370 instructam
721 3303 875 3390 ediderat3
895 3304 987 3369 cuius
1004 3304 1160 3389 libellum,
1178 3304 1301 3389 pridem
1321 3304 1491 3369 divenditis
1509 3326 1612 3370 exem·

388 3398 538 3496 claribus,
566 3433 670 3496 nuper
697 3411 824 3476 demum
854 3412 992 3478 Conradi
1020 3413 1152 3477 Zacheri
1180 3412 1340 3477 laudabile
1368 3412 1536 3477 consilium
1566 3414 1611 3477 in·

393 3509 734 3584 montanearum
758 3517 905 3595 Quicum
921 3520 956 3583 in
970 3519 1177 3584 adnotatione
1186 3518 1325 3602 Volsoni,
1341 3542 1436 3603 quam
1451 3520 1610 3604 duplicem

397 3626 528 3709 serram,
548 3626 706 3691 nonnulle
729 3631 916 3711 removeret,
939 3628 1002 3692 elia
1025 3626 1199 3711 suppleret,
1222 3632 1291 3691 tum
1315 3632 1429 3711 poetae
1450 3628 1547 3692 verba
1565 3628 1611 3691 ita

341 3813 342 3818 ἵ
401 3712 563 3819 decripsit,
589 3737 627 3797 ut
654 3734 689 3797 in
715 3734 826 3799 multis
854 3758 873 3799 a
895 3733 1036 3799 Velscno
1064 3734 1197 3798 mutatis
1225 3736 1395 3818 pristinam
1419 3735 1610 3818 scripturam

341 3821 342 3848 ³
404 3834 571 3924 retines,
589 3841 646 3905 sed
664 3844 697 3904 et
715 3842 783 3925 ipse
802 3864 868 3906 non
886 3862 989 3927 pauca
1007 3864 1065 3906 suo
1084 3842 1227 3926 periculo
1242 3846 1298 3905 aut
1312 3843 1447 3906 aliorum
1462 3842 1609 3925 exemplo

409 3944 567 4029 congeret,
592 3948 687 4032 plura
710 3948 806 4012 etiam
830 3970 922 4014 cruce
945 3950 1058 4014 critica
1081 3949 1225 4014 adhibite
1247 3950 1281 4013 in
1305 3949 1520 4033 suspicionem
1538 3948 1610 4013 vitii

411 4053 517 4118 'curet
553 4054 656 4131 Quam
680 4056 933 4141 recognitionem
957 4077 1023 4120 non
1042 4056 1249 4141 indiligenter·
1265 4077 1325 4120 nec
1344 4056 1411 4119 sine
1430 4054 1610 4119 eruditione

414 4140 500 4224 factam
520 4162 575 4246 qui
598 4163 779 4227 accuratius
802 4164 1059 4246 pertractarent,
1086 4161 1119 4227 id
1143 4163 1271 4248 quidem
1295 4162 1465 4244 fatebitur,
1492 4162 1524 4224 in
1548 4161 1609 4226 hac
1623 4186 1652 4225 ro

416 4268 510 4348 (tuoque
531 4268 698 4333 comoedia
720 4268 887 4353 accidisse,
911 4269 998 4354 quod
1020 4270 1055 4334 in
1079 4270 1190 4335 multis
1214 4275 1358 4335 veterum
1381 4269 1488 4350 libris,
1511 4272 1547 4333 ut
1571 4291 1608 4334 eo

416 4368 490 4436 venor
506 4376 547 4440 sit
565 4396 678 4440 eorum
697 4376 919 4459 conformatio,
938 4399 1003 4461 quo
1022 4379 1155 4463 propius
1175 4400 1193 4441 a
1211 4381 1329 4441 testata
1343 4376 1503 4461 scriptura
1516 4375 1610 4460 absit,

415 4470 493 4544 ¹tlet
512 4481 593 4547 illud
612 4482 782 4569 intelliget,
804 4505 869 4548 non
888 4484 972 4548 nihil
990 4484 1110 4569 abesse,
1133 4488 1170 4548 ut
1188 4484 1284 4547 huius
1304 4484 1486 4547 comoediae
1505 4486 1608 4549 oratio

413 4585 544 4653 mussimi
573 4590 707 4655 editoris
735 4612 832 4655 manu
859 4591 1014 4655 adornata
1040 4593 1103 4655 iam
1132 4612 1201 4656 eam
1229 4591 1263 4654 in
1291 4591 1441 4655 omnibus
1470 4592 1607 4675 speciem

410 4681 527 4778 induerit,
549 4696 584 4760 in
606 4717 671 4780 qna
692 4695 788 4762 facile
806 4698 990 4782 acquiescas
1009 4720 1046 4763 ac
1064 4699 1128 4763 frui
1147 4703 1261 4782 poetae
1280 4698 1388 4782 lepore
1406 4700 1505 4762 nullis
1524 4720 1609 4763 soru-

406 4796 468 4875 pulis
491 4806 547 4867 aut
574 4802 709 4867 salebris
736 4803 907 4888 impeditus
934 4806 1049 4889 possis.
1086 4804 1138 4869 Ad
1166 4827 1235 4870 eam
1260 4806 1359 4890 igitur
1382 4804 1607 4869 stabiliendam

401 4906 641 4990 explicendsmre
664 4909 786 4994 aliquid
809 4912 837 4975 si
859 4934 1031 4995 possumus
1055 4914 1262 4977 conferemus.

467 5034 480 5079 1
500 5014 635 5082 Initium
653 5017 770 5104 agendi
787 5018 923 5083 facimus
941 5042 960 5082 a
978 5020 1139 5104 principio
1158 5020 1349 5085 comoediae.
1386 5019 1464 5084 Inde
1483 5042 1502 5082 a
1520 5043 1548 5082 r.
1567 5018 1605 5081 11

389 5118 458 5189 lnec
476 5122 576 5188 habet
597 5122 732 5188 Zacheri
754 5112 837 5189 liber
859 5147 932 5191 curn
951 5124 1091 5191 Velseno
1114 5149 1151 5190 ac
1175 5128 1337 5212 plerisque

358 5241 373 5299 ⁴
452 5231 490 5294 ll
537 5233 616 5295 ΔΗ.
638 5232 674 5295 τί
693 5231 886 5315 κινυρόμεθ’
915 5234 1035 5312 ἄλλως
1059 5234 1120 5298 οὐκ
1144 5233 1243 5318 ἐχρῆν
1267 5239 1373 5316 ζητεῖν
1395 5257 1470 5296 τινα
1621 5256 1650 5296 ae

635 5342 802 5422 σωτηρίαν
823 5346 904 5427 νῷν,
927 5338 1011 5405 ἀλλὰ
1034 5341 1077 5424 μὴ
1101 5339 1214 5405 κλάειν
1237 5336 1299 5417 ἔτη
