3925 6675
393 1103 461 1167 440
630 1107 687 1158 LV.
707 1105 1054 1158 munusculorum
1073 1107 1306 1160 AESTIVARUM
1327 1110 1405 1159 1902.

393 1265 517 1332 Helena
544 1271 650 1333 eutem
678 1264 774 1354 (572)
802 1267 993 1353 simpliciter
1025 1268 1209 1334 sciscitante
1241 1268 1332 1334 cuius
1360 1268 1387 1334 is
1416 1267 1547 1334 alterius
1580 1270 1624 1334 sit

393 1373 536 1460 coniugii
560 1373 717 1439 dominus.
763 1373 879 1439 Alieue
901 1379 991 1459 suut,
1018 1375 1057 1440 de
1085 1375 1202 1459 quibus
1225 1374 1375 1440 Herculis
1402 1375 1561 1460 interpres
1584 1375 1624 1441 ad

383 1477 422 1545 ‘u
441 1480 506 1546 518
530 1481 706 1563 admonuit,
728 1480 884 1565 Aeschyli
905 1481 939 1545 in
962 1481 1205 1568 Agamemnone
1231 1481 1316 1546 1073

650 1592 751 1654 ποίαν
768 1587 907 1673 Ἐρινὺν
928 1591 1029 1672 τήνδε
1052 1589 1204 1674 δώμασιν
1226 1588 1304 1676 κίλη

651 1693 880 1779 ἐπορθιάζειυ;
903 1695 945 1760 οὔ
967 1717 1008 1779 με
1031 1695 1211 1779 φαιδρύνει
1235 1697 1343 1780 λόγος,

393 1825 474 1887 quse
497 1824 573 1866 vera
595 1805 645 1867 est
668 1801 878 1887 interrogatio
902 1800 994 1867 chori
1018 1801 1163 1867 obscuris
1185 1800 1363 1868 Casandrae
1387 1803 1547 1869 vaticiniis
1570 1825 1624 1868 ex·

393 1908 498 1994 citati3
526 1909 616 1974 etin
639 1905 847 1993 supplicibus
871 1929 953 1992 quae
975 1908 1050 1973 inde
1073 1930 1092 1972 a
1114 1930 1142 1972 v.
1162 1909 1229 1974 290
1251 1910 1416 1996 legumtur,
1444 1932 1525 1995 quse
1549 1915 1625 1976 sunt

392 2016 467 2100 illis,
490 2016 518 2080 si
542 2016 620 2100 quid
642 2015 808 2100 sentimus,
830 2017 927 2080 atium
953 2016 1158 2100 simpliciora,
1180 2015 1236 2080 ubi
1259 2017 1389 2081 haecce
1412 2017 1624 2104 iuterrogatio

392 2127 426 2188 et
447 2143 637 2208 responsum
660 2122 827 2208 excipiunt

352 2254 379 2295 ιο
580 2234 618 2295 Β.
650 2231 688 2295 τί
710 2231 806 2313 δῆτα
827 2230 911 2312 πρὸς
933 2227 1025 2294 ταῦτ’
1052 2230 1172 2314 ἄλοχος
1196 2231 1316 2315 ἰσχυρὰ
1338 2233 1435 2310 Διός;

580 2342 619 2402 Χ.
651 2337 711 2402 τὸν
732 2334 836 2401 πάνθ’
864 2336 994 2419 ὁρῶντα
1018 2335 1141 2420 φύλακ’
1168 2335 1344 2422 ἐπέστησεν
1366 2340 1431 2420 βοΐ.

579 2448 618 2508 Β.
649 2455 767 2509 ποῖον
789 2446 994 2527 πανόπτην
1017 2446 1236 2528 οἰοβουκόλον
1259 2443 1378 2528 λέγεις;

576 2555 614 2616 X
641 2548 769 2635 Ἄργου,
791 2551 851 2615 τὸν
868 2549 989 2634 Ἑρμῆς
1011 2551 1114 2616 παῖδα
1137 2560 1198 2634 γῆς
1219 2549 1403 2616 κατέκτανε.

575 2659 614 2722 Β.
645 2660 681 2722 τί
700 2652 764 2722 οὖν
786 2653 896 2735 ἔτευξε
919 2655 950 2720 δ’
977 2658 1058 2722 ἄλλο
1082 2657 1260 2744 δυσπότμῳ
1283 2659 1352 2740 βοΐς

392 2775 492 2831 ποῖον
514 2764 600 2828 enim
623 2763 869 2849 interrogationi
891 2785 958 2829 nou
981 2763 1075 2828 aliter
1097 2785 1193 2848 quam
1213 2766 1248 2829 τί
1269 2764 1403 2830 inservit
1421 2787 1458 2830 ec
1477 2787 1571 2850 saepe
1590 2763 1624 2829 iu

393 2871 598 2958 comparibus
622 2870 789 2935 sententiis
812 2869 865 2934 his
887 2870 1134 2955 pronominibus
1153 2871 1270 2936 vanari
1293 2872 1396 2938 oratio
1420 2871 1512 2956 solet,
1535 2873 1626 2936 velut

394 2981 429 3046 iu
451 2976 561 3065 Oedip.
581 2976 660 3064 neg.
679 2977 722 3041 99

561 3088 627 3150 ΚΡ.
651 3087 781 3168 ἄνωγεν
803 3084 888 3169 ἡμᾶς
912 3087 1037 3166 Φοῖβος
1059 3087 1185 3169 μίασμα
1207 3085 1316 3170 χώρας
1338 3082 1501 3150 ἐλαύνειν.

562 3197 619 3258 ΟΙ.
651 3195 749 3279 ποίφ
767 3197 968 3279 καθαρμῷ;
987 3192 1046 3268 τίς
1064 3190 1081 3256 ὁ
1100 3194 1223 3276 τρόπος
1240 3201 1298 3274 τῆς
1316 3191 1501 3276 ξυμφορᾰς;
1521 3191 1559 3257 cl.
1570 3191 1623 3257 89.

353 3323 379 3366 so
394 3303 451 3367 eut
473 3300 508 3365 in
529 3299 655 3366 Helena
680 3298 743 3365 165

651 3417 768 3472 ποῖον
791 3406 965 3489 ἁμιλλαθῶ
989 3409 1070 3489 γόον
1093 3406 1113 3491 ἢ
1136 3408 1224 3471 τίνα
1245 3414 1376 3488 μοῦσαν
1399 3405 1546 3491 Auditor,

393 3520 426 3579 et
449 3512 561 3599 Oedip.
581 3512 693 3579 Colon.
712 3513 778 3577 385

564 3623 621 3685 01.
653 3620 717 3703 ἤδη
741 3620 805 3703 γὰρ
827 3615 921 3703 ἔσχες
943 3616 1049 3685 ἐλπίδ’
1078 3618 1123 3697 ὡς
1146 3618 1226 3703 ἐμοῦ
1250 3621 1353 3697 θεούς

652 3728 744 3809 ὤραν
766 3724 828 3791 τιν’
856 3724 956 3805 ἓξεινς

564 3837 624 3899 ΙΣ.
653 3830 757 3917 ἔγωγε
779 3844 850 3911 τοῖς
872 3842 939 3899 ιῦυ
961 3831 1006 3917 γ’,
1029 3830 1055 3899 ὦ
1078 3833 1192 3917 πάτερ,
1215 3834 1450 3918 μαντεύμασιν.

565 3944 621 4006 01.
653 3943 806 4007 ποίοισι
828 3941 973 4020 τούτοις;
996 3942 1035 4005 τί
1052 3941 1089 4007 δὲ
1111 3940 1334 4025 τεθόσπιστοιι,
1357 3939 1483 4007 τέκνον.

394 4049 483 4127 Quae
496 4072 537 4115 ne
550 4050 673 4114 frustra
686 4049 799 4113 afferre
812 4048 987 4131 videamur,
1006 4050 1082 4113 sunt
1096 4048 1180 4113 euim
1197 4070 1271 4112 sene
1285 4049 1431 4135 vulgaria
1445 4047 1625 4131 admodum,

393 4157 457 4223 hoc
479 4158 619 4244 egimus,
646 4160 683 4221 ut
705 4156 956 4221 Wilamowituio
979 4154 1014 4219 in
1037 4176 1072 4219 re
1095 4156 1184 4219 tenui
1208 4153 1435 4240 obloquamur,
1462 4154 1518 4239 qui
1543 4174 1625 4239 quae

393 4262 527 4351 Megara
549 4263 629 4330 dicit
649 4266 685 4328 in
707 4262 846 4328 Hercule
869 4284 898 4327 v.
917 4260 982 4327 518

353 4390 381 4433 so
466 4370 532 4437 514
654 4366 841 4453 ὧπρίσβυ,
865 4369 994 4433 λεύσσω
1017 4367 1103 4453 τάμὰ
1126 4366 1268 4449 φίλτατ’;
1292 4368 1312 4453 ἣ
1335 4371 1369 4434 τί
1390 4378 1457 4453 φῶς

545 4480 626 4542 ΑΜ.
655 4476 717 4541 ούκ
739 4468 825 4558 odda,
848 4476 1012 4559 θύγατερ·
1036 4474 1162 4561 ἀφασία
1185 4473 1222 4541 δὲ
1245 4474 1319 4560 κᾶμ’
1347 4472 1423 4560 ἔχει.
1640 4486 1677 4543 11

546 4586 623 4647 ΜΕ.
654 4580 702 4648 ὅδ’
731 4580 823 4648 ἐστὶν
845 4581 886 4647 ὃν
908 4590 971 4665 γῆς
991 4581 1115 4667 νέρθεν
1138 4584 1366 4667 εἰσηκούομεν,

465 4690 530 4753 517
653 4691 685 4754 εἰ
704 4692 750 4773 μή
772 4687 802 4772 γ’
829 4690 964 4771 ὄνειρον
987 4688 1023 4753 ἐν
1047 4690 1125 4774 φύει
1148 4714 1179 4755 τι
1203 4690 1395 4775 λεύσσομεν.

652 4800 687 4861 τί
708 4798 806 4881 φημί;
828 4793 894 4860 ποί
921 4798 1036 4880 ὄνειρα
1058 4795 1251 4881 κηραίνουσ’
1277 4796 1358 4883 ὁρῶς

394 4903 436 4968 ad
456 4903 521 4969 hoc
543 4924 644 4990 genus
667 4902 820 4988 loquendi
843 4906 973 4967 revocet
997 4900 1039 4967 ob
1062 4924 1195 4987 eamque
1214 4924 1340 4969 censam
1359 4902 1525 4990 Megaram
1544 4902 1625 4969 vitu-

394 5014 486 5097 perat
508 5009 595 5096 quod
618 5010 870 5095 εὐσχημοσύνην
892 5030 1008 5094 pamm
1036 5009 1215 5075 observarit
1237 5014 1350 5095 utpote
1378 5032 1459 5095 quae
1483 5030 1538 5077 ore
1561 5008 1626 5095 ple-

394 5118 468 5183 beio
490 5116 601 5185 locuta
623 5117 674 5182 sit
710 5116 780 5182 Nos
799 5115 882 5182 uihil
900 5118 935 5181 iu
953 5116 1016 5181 ista
1035 5118 1179 5183 oratioue
1197 5117 1445 5202 vituperandum
1469 5117 1626 5201 dommus,

394 5246 499 5311 neque
521 5247 594 5291 eum
616 5246 712 5291 usum
734 5224 861 5290 dicendi
884 5224 1089 5311 agnoscimus
1113 5244 1207 5308 quem
1230 5224 1435 5307 explanatum
1459 5223 1550 5289 imus.
1587 5220 1625 5287 Iu

395 5354 460 5417 qua
482 5354 517 5397 re
539 5334 708 5416 interpreti
731 5332 867 5396 forsitan
884 5330 1029 5395 offecerit
1047 5330 1133 5415 quod
1152 5331 1227 5395 olim
1248 5352 1277 5394 u.
1292 5328 1355 5395 517
1376 5329 1625 5416 Amphitruonis
