3925 6675
695 1104 745 1155 nn
763 1103 1028 1155 nmsrorrmms
1047 1104 1250 1166 nourmnus.
1522 1102 1585 1166 281

385 1264 434 1327 rin
454 1269 483 1329 et
506 1265 737 1350 proprietatem
766 1269 852 1330 recte
879 1266 1092 1330 aestimarent.
1136 1263 1220 1329 Sunt
1247 1269 1354 1329 autem
1382 1264 1474 1346 haec,
1507 1287 1589 1349 quae

386 1370 455 1436 nobis
470 1377 544 1437 nota
562 1373 641 1437 sint:
659 1371 796 1457 Lysistr.
813 1372 875 1436 128
894 1370 1040 1456 ποιήσετ’
1063 1370 1083 1454 ἢ
1104 1371 1144 1437 οὐ
1163 1369 1326 1454 ποιήσετ’;
1350 1370 1370 1455 ἣ
1390 1375 1425 1436 τί
1440 1370 1588 1453 μέλλετε;

389 1475 506 1563 luchyli
534 1480 568 1544 in
591 1477 722 1565 Septem
748 1479 813 1543 184
841 1481 986 1561 ἤκουσας
1008 1478 1028 1562 ἢ
1052 1479 1114 1544 οὐκ
1136 1479 1296 1561 ἤκουσας,
1324 1477 1462 1564 ἢκωφῃ
1487 1478 1589 1561 λέγω;

391 1604 446 1665 ηοω
459 1587 549 1669 plene
567 1584 650 1651 illud
668 1607 770 1672 genus
789 1585 928 1671 duplicis
947 1585 1211 1672 interrogationis
1229 1608 1307 1671 prae
1326 1608 1359 1650 se
1377 1586 1487 1651 ferunt
1501 1587 1588 1670 quod

392 1687 505 1777 dicinns3
536 1715 609 1758 narn
639 1690 784 1776 ποιήσετ’
816 1692 836 1776 ἢ
864 1693 905 1757 οὐ
933 1695 1102 1776 ποιήσετε,
1134 1694 1279 1776 ἤκουσας
1306 1692 1325 1776 ἢ
1355 1693 1416 1757 οὐκ
1443 1694 1588 1775 ἤκουσας

391 1816 435 1860 non
449 1798 531 1865 aliter
549 1800 703 1886 iugentur
722 1822 817 1884 quam
838 1799 954 1864 πέπων
972 1798 993 1882 ἢ
1011 1800 1055 1883 μὴ
1074 1799 1197 1877 πέπων,
1217 1806 1339 1864 θανεῖν
1357 1799 1376 1883 ἢ
1396 1801 1439 1883 μὴ
1458 1806 1589 1883 θανεῖν,

392 1907 414 1964 ιλ
431 1902 472 1971 hic
495 1911 526 1972 et
554 1905 620 1971 illic
649 1905 770 1990 duplici
798 1907 1045 1991 interrogationi
1068 1928 1150 1990 quae
1174 1911 1223 1971 est
1245 1929 1304 1991 pro
1328 1929 1392 1970 unu
1415 1907 1588 1992 apponitur

393 2007 492 2077 dternnr
522 2013 563 2078 ab
597 2035 634 2078 ea
661 2013 832 2077 diversum.
870 2011 1015 2088 Quorum
1044 2013 1289 2078 similitudinem
1319 2015 1410 2098 sequi
1439 2014 1589 2078 videntur

393 2112 448 2182 brec
465 2141 539 2202 qnae
563 2118 741 2185 Cassandra
764 2119 843 2185 dicit
867 2121 900 2183 in
924 2119 1168 2206 Agamemnone
1188 2121 1273 2185 1148
1283 2121 1322 2184 K.

514 2227 663 2312 ἥμαρτον
687 2226 705 2310 ἢ
729 2239 820 2310 κυρῶ
844 2252 875 2291 τι
899 2225 1032 2310 τοξότης
1054 2252 1103 2303 τις
1127 2227 1184 2312 ὥς;
1603 2253 1630 2293 ιο

514 2334 533 2418 ἢ
558 2335 781 2418 ψευδόμαντίς
805 2337 871 2419 εἰμι
894 2337 1089 2416 θυροκόπος
1113 2333 1260 2418 φλέδων;

393 2435 477 2516 quibus
501 2438 736 2507 Schneidewini
770 2441 992 2525 interpretatio
1025 2463 1091 2506 non
1119 2441 1289 2526 satisfacit3
1321 2446 1454 2526 apparet
1481 2446 1587 2518 autem

393 2542 467 2621 plina
485 2548 559 2632 duo,
583 2547 681 2613 modo
705 2559 795 2634 κυρῶ
820 2570 885 2612 uon
909 2554 1005 2630 θηρῶ
1034 2548 1207 2631 scribatur,
1235 2550 1268 2612 in
1291 2571 1387 2612 unum
1412 2550 1588 2635 interroga·

393 2647 480 2717 tionem
504 2657 603 2722 coire:
629 2655 720 2736 βάλλ’
746 2655 795 2719 set
822 2655 896 2720 oder
922 2656 994 2736 tros
1013 2654 1094 2734 iem,
1123 2654 1282 2739 aquibus
1307 2655 1405 2720 distat
1428 2656 1513 2739 quod
1538 2657 1589 2720 ad-

393 2750 455 2821 ditur
475 2761 605 2827 alterum
634 2761 654 2845 ἢ
682 2763 906 2844 ψευδόμαντίς
933 2764 1015 2846 ripn
1042 2784 1116 2826 nam
1146 2764 1242 2827 etiam
1271 2761 1496 2845 άληθόμαντις
1522 2769 1588 2827 tam

391 2867 530 2946 ςἀιάνειν
556 2873 666 2955 potest
694 2891 790 2953 quam
818 2868 1072 2967 ἀποτυγχάνειν.
1109 2869 1256 2953 Denique
1280 2871 1313 2933 in
1337 2867 1414 2934 Oed.
1435 2869 1502 2933 001.
1522 2870 1585 2933 317

392 2983 451 3045 qnu
464 2973 532 3041 dicit
547 2976 713 3062 Antigona
732 2998 810 3041 oum.
824 2977 1050 3042 adventantem
1065 2977 1225 3042 Ismenam
1241 2978 1398 3062 conspicit
1412 2971 1463 3061 ἆρ’
1483 2973 1588 3054 ε’στινς

389 3061 430 3237 ξδ’
452 3081 502 3146 οὐκ
526 3079 633 3162 ἔστιυ;
663 3083 681 3167 ἢ
709 3085 822 3167 γνώμη
850 3088 972 3171 πλανῷ;
999 3084 1120 3150 habent
1148 3085 1330 3168 quodcum
1354 3083 1420 3149 illis
1444 3085 1588 3150 conferre

408 3188 467 3250 tut

455 3290 582 3362 'lantum
602 3297 641 3363 de
659 3296 722 3363 hoc
740 3296 866 3362 dicendi
885 3319 1012 3386 genere,
1030 3298 1069 3363 de
1088 3320 1152 3382 quo
1172 3299 1424 3383 disputationem
1443 3303 1586 3364 nostram
1602 3324 1630 3364 so

386 3388 418 3454 tl
439 3399 498 3467 aliis
524 3404 705 3470 continuari
733 3410 766 3469 et
793 3404 985 3489 locupletari
1013 3406 1158 3471 velimus.
1197 3404 1259 3471 Sed
1287 3429 1352 3472 non
1376 3407 1587 3490 relinquimus

385 3491 451 3569 Μῦν
473 3531 532 3576 rem
560 3512 639 3596 quin
667 3512 765 3578 verbo
788 3513 1045 3598 perstringemus
1069 3534 1178 3577 versus
1202 3513 1359 3596 Equitum
1382 3514 1456 3577 inde
1479 3536 1498 3577 a
1522 3512 1587 3578 606

516 3619 640 3701 ἤσθιον
663 3603 700 3684 δὲ
724 3622 802 3695 τοὺς
824 3619 1016 3702 παγούρους
1040 3618 1114 3684 άντλ
1137 3623 1235 3696 ποίας
1257 3622 1427 3704 Μηδικῆς,

515 3731 548 3790 ελ
567 3750 617 3803 τις
639 3724 768 3809 ἐξέρποι
793 3726 933 3810 θύραζε,
956 3725 1019 3790 κάκ
1041 3729 1155 3808 βυθοῦ
1179 3724 1379 3811 θηρώμενοι.

514 3831 592 3898 ὥστ’
618 3830 684 3917 ἔφη
709 3832 842 3916 Θέωρος
865 3836 971 3898 εἰπεῖν
994 3835 1153 3916 καρκίνον
1178 3836 1381 3914 Κορίνθιον·

515 3938 621 4005 ‘davd
645 3939 687 4023 γ’,
710 3935 736 4005 ὦ
762 3941 943 4023 Πόσειδον,
968 3941 1000 4005 εἰ
1020 3939 1094 4023 μήτ’
1121 3939 1158 4005 ἐν
1181 3943 1278 4028 βυθῷ
1299 3942 1501 4025 δυνήσομαι,

428 4036 478 4108 610
514 4050 594 4131 μήτε
618 4056 660 4131 γῇ
683 4044 759 4131 μήτ’
787 4046 823 4111 έν
846 4048 995 4132 θαλάττῃ
1020 4049 1200 4130 διαφυγεῖν
1223 4049 1301 4123 τοὺς
1325 4046 1451 4123 ἱππέας

395 4137 533 4231 inquibus
561 4154 666 4219 simile
691 4154 816 4239 peccari
839 4154 967 4219 videtur
990 4153 1030 4219 ab
1054 4154 1285 4238 interpretibus
1310 4154 1396 4237 quod
1420 4158 1586 4237 peccatum

395 4250 468 4321 estin
485 4282 511 4325 r.
529 4260 610 4347 2603
632 4283 698 4326 non
721 4260 825 4346 magis
849 4262 935 4325 enim
959 4259 1015 4325 illa
1037 4261 1101 4325 tria
1123 4260 1203 4345 μήτ’
1222 4259 1259 4325 ἐν
1277 4264 1375 4348 βυθῷ
1391 4262 1469 4344 μήτε
1489 4260 1526 4325 ἐν
1545 4271 1586 4346 γῇ

392 4355 448 4437 rote
464 4363 495 4430 έν
516 4368 664 4454 θαλάττῃ
688 4389 784 4432 unum
809 4368 922 4432 seriem
946 4367 1094 4432 efficiunt
1117 4390 1213 4452 quam
1233 4390 1265 4432 se
1284 4390 1349 4432 uno
1369 4369 1480 4433 ordine
1500 4368 1588 4452 ὠμὸς
1601 4394 1629 4434 ιο

393 4458 513 4543 διέπων
534 4475 554 4560 ἦ
576 4476 621 4560 μὴ
644 4474 760 4540 πέπων
782 4475 1000 4559 excipiebant3
1022 4498 1097 4540 nam
1121 4477 1149 4540 si
1173 4475 1325 4561 coniungi
1351 4474 1428 4538 velis
1451 4473 1524 4559 μήτ’
1549 4473 1587 4540 έν

387 4571 459 4665 {latet
477 4588 555 4667 μήτε
583 4580 621 4648 έν
649 4591 707 4668 γῇ,
734 4582 880 4648 haerebit
908 4605 992 4667 aqua
1015 4584 1050 4647 in
1072 4584 1235 4668 θαλάττῃ;
1263 4604 1375 4646 verum
1399 4586 1505 4647 eutem
1529 4606 1587 4667 par

341 4687 342 4708 ¹
386 4688 557 4755 wnrtituunt
573 4693 654 4774 μήτε
673 4699 715 4775 γῇ
733 4693 813 4773 μήτε
834 4689 870 4754 ἐν
889 4691 1048 4775 θαλάττῃ,
1066 4712 1085 4753 e
1101 4690 1217 4775 quibus
1232 4690 1373 4774 primum
1388 4689 1468 4754 illud
1483 4712 1587 4775 segre

380 4795 468 4875 μένω
498 4801 547 4862 est
579 4800 612 4860 et
639 4798 880 4883 segregandum.
923 4796 975 4862 Sic
1003 4797 1087 4862 enim
1116 4798 1319 4862 scribendum
1347 4798 1484 4862 dicimus
1513 4819 1586 4861 oum

377 4895 516 4969 Bruukio
544 4903 697 4989 prudenti
719 4902 850 4969 homine
872 4903 955 4988 μηδ’
977 4903 1014 4969 ἐν
1037 4909 1150 4991 βυθῷ,
1177 4904 1263 4987 quod
1287 4928 1305 4969 a
1327 4905 1490 4988 plerisque
1513 4926 1585 4987 pro-

373 5005 465 5076 bitum
496 5009 629 5076 Zecheri
666 5010 765 5076 editio
799 5011 994 5094 repudiavit;
1030 5012 1280 5095 interpretamur
1312 5015 1419 5074 autem
1453 5012 1511 5093 itu,
1549 5016 1586 5073 ut

368 5138 401 5181 ax
424 5139 472 5203 εο,
504 5117 592 5203 quod
623 5118 788 5201 πάγουροι
816 5140 856 5182 ne
884 5119 918 5182 in
945 5117 1105 5201 profundo
1135 5118 1263 5201 quidem
1292 5118 1354 5181 tuti
1383 5116 1460 5198 sint,
1494 5117 1585 5199 quasi

363 5225 538 5312 colligatur,
570 5246 626 5290 eos
658 5246 736 5310 ergo
763 5246 868 5308 neque
895 5228 981 5288 terro
1008 5246 1112 5308 neque
1140 5226 1220 5288 mari
1249 5246 1282 5288 se
1309 5224 1392 5287 tueri
1409 5234 1517 5306 'posse
1545 5221 1585 5286 ab

358 5331 524 5420 equitibus
