3925 6675
388 1102 453 1168 298
552 1103 676 1155 XLVIII.
695 1104 810 1154 INDEX
828 1102 1043 1154 nscrlonmr
1062 1103 1303 1154 HIBERNARUM
1324 1103 1407 1170 1898]
1413 1105 1455 1154 99.

707 1264 871 1349 σαυτοῦ]
894 1265 1040 1329 παλαιὰν
1062 1273 1149 1329 ναῦν
1173 1261 1277 1348 ἔχοντ’

596 1373 661 1436 915
707 1375 755 1449 είς
776 1371 820 1455 ἣν
843 1371 998 1436 ἀναλῶν
1021 1370 1082 1436 οὐκ
1105 1367 1180 1454 ἐφί-

706 1477 772 1557 ξεις
795 1478 875 1544 οὐδὲ
897 1478 1185 1562 ναυπηγούμενος·

706 1587 996 1670 διαμηχανήσομαί
1015 1582 1049 1650 θ’
1080 1585 1168 1662 ὅπως

706 1691 749 1757 ἂν
773 1692 880 1758 ίστίον
903 1693 1033 1775 σαπρὸν
1057 1691 1177 1775 λάβῃς,

385 1801 420 1864 in
442 1801 483 1864 iis
507 1821 588 1884 quae
611 1801 703 1864 uncis
726 1797 886 1865 cinximus
908 1798 1050 1863 numeris
1072 1797 1201 1882 quidem
1220 1797 1340 1864 illaesis
1359 1799 1414 1864 sed
1433 1819 1530 1884 prave
1548 1821 1618 1863 esse

385 1908 505 1972 inserta
523 1905 637 1971 Oobeti
660 1906 726 1971 fuit
744 1905 865 1991 opinio,
888 1907 943 1989 qui
963 1927 990 1971 a.
1012 1903 1097 1970 1852
1116 1905 1150 1970 in
1169 1903 1380 1989 Mnemosyne
1398 1906 1460 1972 rol
1480 1923 1536 1990 1p.
1551 1905 1616 1969 417

385 2014 444 2078 hos
467 2035 579 2078 versus
608 2013 642 2078 in
666 2013 764 2078 istum
787 2011 918 2077 modum
940 2015 1070 2076 notatos
1093 2011 1250 2094 exhibuit,
1272 2011 1362 2078 nullo
1386 2013 1484 2078 verbo
1508 2011 1617 2077 addito

385 2121 419 2185 in
445 2142 541 2186 causa
567 2125 679 2206 aperto
702 2143 797 2205 quam
820 2118 961 2184 habebat
982 2118 1129 2202 nullique
1153 2118 1348 2184 dubitationi
1371 2119 1519 2186 obnoxia.
1559 2118 1618 2184 Oo-

346 2253 371 2293 ιι
386 2227 517 2312 betique
539 2249 658 2314 magua
679 2227 853 2292 auctoritas
876 2225 973 2290 fidem
996 2227 1074 2291 feeit
1096 2225 1339 2310 posterioribus,
1363 2248 1499 2310 quorum
1522 2247 1617 2292 nemo

385 2333 546 2399 dubitavit
564 2336 599 2399 in
617 2335 727 2399 eximii
742 2334 803 2398 riri
818 2334 1009 2399 sententiam
1024 2333 1159 2417 pedibus
1174 2334 1229 2398 ire.
1265 2332 1463 2400 Meinekinm
1478 2333 1617 2418 quidem,

384 2441 555 2524 Kockium,
569 2440 621 2505 W.
632 2439 856 2521 Ribbeckium,
865 2439 1081 2524 Blaydesium,
1092 2438 1266 2506 Velsenum
1281 2439 1418 2525 denique
1427 2439 1619 2506 Zacherum·

386 2571 456 2632 que,
480 2569 590 2612 omnes
613 2547 757 2612 videmus
781 2570 818 2612 ea
840 2547 958 2614 fiducia
979 2549 1048 2612 veri
1072 2546 1154 2625 duci,
1178 2551 1214 2612 ut
1235 2569 1274 2612 ne
1294 2548 1356 2632 ipsi
1374 2546 1502 2632 quidem
1522 2571 1617 2632 quam

385 2655 524 2740 probant
549 2655 768 2738 opinationem
797 2654 933 2718 rationis
961 2676 1023 2738 ope
1052 2653 1276 2720 stabiliendam
1305 2655 1501 2721 censuerint:
1534 2676 1618 2720 unus

385 2761 530 2829 chlrius
553 2762 633 2827 haec
656 2761 797 2827 breviter
819 2761 988 2826 adnotavit
1010 2761 1142 2826 tertium
1166 2759 1250 2827 hanc
1268 2759 1410 2826 fabulam
1429 2762 1618 2847 interprete

385 2874 437 2934 tus
470 2869 512 2954 (a.
538 2868 653 2956 1882),
682 2869 758 2953 quia
785 2871 948 2934 constaret
976 2889 1087 2933 omnes
1115 2877 1398 2954 τριηραρχοῦντος
1426 2867 1618 2935 ἀναλίσκειν

386 2978 425 3042 τὰ
449 2975 592 3058 ἑαυτῶν,
620 2976 692 3041 ideo
716 2981 749 3040 et
779 2979 913 3060 propter
944 2998 973 3040 v.
992 2975 1058 3040 915
1090 2977 1147 3040 illa
1180 2977 1277 3041 verba
1309 2977 1378 3040 iure
1411 2973 1566 3042 (lebetum
1599 2999 1618 3040 a

384 3089 480 3168 poeta
503 3082 710 3150 abiudicasse.
747 3081 836 3159 Quae
860 3083 916 3147 vix
938 3081 1045 3147 valere
1068 3086 1194 3148 tantum
1218 3081 1386 3166 credimus,
1408 3087 1445 3147 ut
1468 3082 1617 3168 redargui

384 3212 449 3255 non
477 3191 610 3275 possint
649 3188 710 3254 Sed
741 3193 826 3255 certe
854 3189 1046 3255 defensitare
1074 3211 1144 3254 cum
1174 3189 1297 3255 nescias
1326 3211 1408 3273 quae
1430 3193 1487 3254 aut
1510 3189 1619 3273 qualia

345 3323 371 3364 ιο
385 3301 583 3379 accusentur,
605 3296 668 3363 hoc
692 3303 741 3363 est
763 3300 923 3382 νηλαφᾶν
944 3297 1054 3381 ὥσπερ
1073 3293 1111 3363 ἐν
1130 3298 1248 3363 σκότει.
1285 3293 1397 3381 ltaque
1416 3299 1544 3361 tanturn
1562 3319 1617 3383 po

384 3404 491 3469 nimus
514 3404 611 3469 brevi.
648 3404 763 3470 Dicere
782 3404 868 3489 quod
888 3404 995 3489 quivis
1013 3405 1149 3487 noverit,
1168 3404 1287 3469 idcirco
1306 3426 1371 3469 non
1390 3404 1454 3469 iam
1473 3404 1617 3490 ineptum

385 3517 442 3595 est,
465 3510 521 3575 sed
544 3515 716 3595 quaeratur
739 3515 876 3597 oportet,
899 3533 964 3595 quo
987 3510 1021 3575 id
1044 3510 1179 3577 consilio
1204 3512 1261 3576 fiat
1283 3511 1443 3576 factumve
1467 3510 1518 3575 sit
1556 3510 1618 3577 Ne

385 3619 503 3683 minem
526 3640 621 3704 posse
645 3629 866 3703 τριηραρχεῖν,
890 3618 967 3702 quin
993 3617 1111 3683 bonam
1136 3622 1259 3703 partam
1283 3640 1359 3683 suae
1382 3620 1429 3683 rei
1449 3618 1617 3684 familiaria

384 3726 568 3811 impendere
595 3730 777 3811 cogeretur,
806 3747 873 3790 non
899 3728 969 3789 erat
997 3726 1142 3809 profecto
1171 3725 1257 3809 quod
1285 3729 1382 3811 poeta
1403 3724 1617 3791 Athenienses

385 3854 460 3898 suos
484 3832 639 3915 edoceret,
663 3831 718 3897 sed
736 3831 904 3919 Paphlago
924 3830 1011 3919 (ileo,
1034 3834 1090 3917 qui
1113 3831 1177 3898 hoc
1199 3832 1324 3919 agebat,
1347 3835 1384 3896 ut
1408 3833 1515 3898 omnia
1533 3833 1618 3898 mala

385 3940 563 4005 minitando
586 3938 848 4024 perterrefaceret
869 3940 1109 4024 allantopolam,
1132 3960 1189 4005 our
1207 3939 1253 4005 ita
1271 3940 1361 4024 loqui
1379 3960 1445 4003 non
1464 3940 1615 4023 potuerit,
1634 3954 1653 4009 a

386 4047 550 4113 difficilius
574 4047 752 4133 dispicitur,
776 4048 831 4133 qui
854 4068 928 4112 cum
951 4046 1081 4131 diceret,
1104 4046 1168 4131 ἐγώ
1192 4062 1229 4111 σε
1248 4049 1376 4130 ποιησει
1395 4056 1617 4131 τριηραρχεῖν,

385 4176 425 4218 ne
448 4156 522 4239 quis
545 4155 584 4220 de
606 4155 729 4220 honore
752 4154 893 4219 muneris
916 4154 1083 4240 cogitaret,
1107 4152 1193 4237 quod
1216 4154 1279 4219 nisi
1302 4154 1458 4219 πλούσιοι
1477 4155 1617 4239 recipere

385 4284 450 4325 non
473 4259 870 4348 poteranttltan.1065),
893 4260 1017 4326 addidit
1040 4261 1110 4345 ipse
1133 4260 1219 4345 quod
1243 4262 1381 4325 maxime
1402 4262 1568 4346 spectabat
1586 4266 1617 4327 et

345 4394 372 4435 ao
386 4390 450 4451 qua
467 4372 559 4453 parte
573 4368 722 4453 inprimis
736 4369 840 4452 premi
855 4372 987 4452 cuperet
1001 4367 1146 4452 alterurn,
1165 4367 1387 4435 ἀναλίσκοντα
1401 4380 1468 4433 τῶν
1483 4378 1617 4451 σαυτοῦ,

384 4475 447 4541 hoc
470 4498 508 4539 aa
530 4480 637 4540 mente
660 4498 724 4559 qua
747 4475 832 4539 infra
855 4475 889 4538 in
911 4474 1042 4561 gemina
1065 4476 1241 4541 minatione
1264 4476 1342 4540 dicit

706 4582 824 4659 δώσεις
847 4580 919 4664 ἐμοὶ
942 4584 1048 4667 καλὴν
1071 4584 1181 4667 δίκην,

707 4689 887 4773 ἰπούμενος
908 4700 980 4765 ταῖς
1004 4691 1184 4773 εἰσφοραῖς.

595 4796 661 4859 925
706 4794 771 4879 eye
793 4797 857 4879 γὰρ
880 4798 928 4872 είς
950 4798 1029 4873 τοὺς
1051 4800 1234 4875 πλουσίους

705 4902 838 4968 σπεύσω
861 4900 890 4968 α’
919 4902 1007 4979 ὅπως
1030 4901 1073 4968 ἂν
1095 4901 1273 4991 ἐγγραφῇς.

385 5008 430 5075 Et
458 5030 652 5095 quamquam
681 5009 742 5074 hae
770 5014 803 5075 et
829 5008 904 5075 illae
927 5010 1033 5075 minae
1056 5009 1209 5076 ridiculae
1232 5016 1308 5077 sunt
1330 5012 1364 5077 in
1387 5010 1616 5097 allantopolam

386 5117 488 5182 iactae
516 5121 549 5183 et
572 5116 697 5182 abhoc
720 5118 789 5182 iure
812 5117 958 5182 ridentur
980 5122 1013 5183 et
1035 5118 1265 5202 exploduntur,
1293 5122 1400 5183 tamen
1422 5118 1502 5184 haec
1525 5118 1618 5183 mini·

388 5226 487 5289 tantis
506 5225 614 5291 animo
634 5228 666 5289 et
685 5224 815 5312 ingenio
834 5223 1068 5289 conveniebant
1086 5226 1223 5311 egregie.
1255 5222 1370 5309 Itaque
1390 5246 1428 5289 ex
1446 5224 1509 5291 hac
1527 5230 1617 5312 parte

386 5332 582 5419 ambigimus
610 5354 706 5418 quam
735 5332 819 5397 iuste
846 5330 1005 5397 tollantur
1027 5331 1124 5397 verba
1147 5330 1369 5399 ἀναλίσκοντα
1391 5343 1459 5397 τῶν
1483 5342 1618 5400 σαυτοῦ.
