3925 6675
693 1103 743 1153 DE
759 1103 943 1154 EURIPIDIS
960 1102 1141 1154 HERCULE.

443 1268 511 1328 ΗΡ.
541 1265 654 1346 πάτερ,
677 1265 712 1328 τί
732 1265 857 1340 κλαίεις
879 1262 934 1328 καὶ
957 1267 1177 1348 συναμπίσχει
1200 1266 1312 1346 κόρας,

541 1381 602 1437 τοῦ
625 1372 788 1454 φιλτάτου
811 1388 865 1435 σοι
887 1375 1032 1454 τηλόθεν
1054 1372 1172 1447 παιδὸς
1194 1372 1314 1454 βεβύςς

429 1483 509 1543 AM.
540 1474 566 1543 ὦ
590 1476 719 1542 τέκνον·
744 1470 776 1541 εἷ
797 1479 859 1563 γάρ
882 1475 937 1542 καλ
960 1489 1068 1553 κακῶς
1091 1479 1250 1559 πράσσων
1274 1476 1358 1561 ἐμός.

441 1588 512 1650 ΗΡ.
541 1585 679 1669 πράσσω
703 1583 736 1648 d’
761 1584 825 1667 ἐγώ
849 1609 881 1649 τι
904 1587 1043 1669 λυπρόν,
1066 1580 1107 1649 οὗ
1130 1586 1361 1669 δακρυρροεῖς;

293 1694 385 1757 1115
432 1696 512 1757 ΑΜ.
543 1690 651 1757 ἃκάν
673 1698 765 1756 θεῶν
787 1715 847 1773 τις,
870 1693 902 1756 εἰ
922 1692 1039 1773 πάθοι,
1062 1691 1264 1756 καταστένοι.

445 1803 513 1864 ΗΡ.
543 1797 645 1882 μέγας
667 1796 697 1880 γ’
725 1797 744 1864 ὁ
766 1801 901 1880 κόμπος,
924 1800 986 1881 τὴν
1008 1799 1112 1882 τύχην
1135 1796 1166 1861 d’
1193 1799 1286 1863 οὔπω
1310 1797 1424 1882 λέγεις.

290 1907 418 1971 Versus
434 1907 521 1970 1115
540 1906 579 1970 in
594 1905 702 1970 codice
719 1904 803 1969 hane
820 1904 1062 1971 memorabilem
1081 1904 1217 1968 formam
1236 1904 1335 1969 habet
1352 1904 1534 1971 άκανθεὼν·

288 2039 344 2090 τις
374 2011 486 2078 εἴπαθ’
515 2013 550 2076 ολ
577 2011 786 2094 καταστένοι,
816 2035 856 2076 ex
886 2034 949 2096 qua
978 2015 1085 2075 tamen
1115 2010 1248 2094 syllabis
1276 2016 1363 2077 recte
1391 2012 1530 2077 diductis

290 2121 423 2206 pridem
447 2119 480 2183 id
505 2119 591 2204 qnod
613 2140 725 2183 rerum
749 2123 799 2182 est
822 2117 908 2183 docti
932 2117 1079 2183 homines
1107 2123 1336 2202 recuperarunt
1364 2117 1417 2205 (cf.
1437 2118 1529 2185 Anal.

290 2227 442 2312 Euripid.
461 2251 492 2311 p.
508 2224 597 2311 228).
642 2223 716 2290 Nisi
741 2226 828 2310 quod
851 2227 967 2309 πάθοι,
992 2224 1078 2308 quod
1104 2229 1154 2289 est
1176 2246 1253 2290 sane
1276 2226 1310 2289 in
1333 2227 1395 2290 ista
1419 2227 1528 2310 depra-
1544 2252 1576 2292 ιο

289 2339 369 2398 rata
395 2333 515 2398 codicis
539 2334 712 2416 scriptura,
741 2331 925 2397 dubitamus
955 2354 1051 2416 qnam
1075 2337 1160 2395 recte
1183 2333 1223 2396 ab
1246 2332 1401 2417 Euripide
1424 2334 1530 2418 profe

290 2448 385 2505 ctum
405 2444 576 2505 statuatur.
614 2437 778 2505 Sermonis
802 2440 887 2503 enim
907 2440 968 2502 iter
986 2440 1013 2502 si
1032 2439 1133 2523 probe
1152 2438 1372 2525 intelligimus,
1395 2439 1529 2505 Herculi

291 2549 372 2632 qnia
406 2551 532 2631 patrem
567 2547 749 2631 plorantem
782 2547 898 2630 aspicit
929 2546 1142 2632 interroganti
1175 2542 1311 2611 ‘Sumne
1344 2569 1403 2632 ego
1432 2547 1464 2610 iu
1493 2570 1531 2612 ea

290 2654 426 2718 miseria
455 2676 552 2737 quam
579 2657 616 2717 tu
639 2649 793 2741 defleas?
826 2652 1022 2738 Amphitryo
1046 2653 1218 2736 respondet
1241 2651 1341 2718 ‘Sane
1365 2654 1398 2718 in
1421 2677 1458 2718 ea
1482 2652 1530 2740 (es

293 2760 441 2846 miseria)
460 2783 556 2844 quam
576 2782 642 2825 non
661 2760 764 2824 dicam
784 2781 843 2845 ego
863 2760 988 2825 sedvel
1008 2760 1139 2825 deorum
1160 2761 1277 2844 aliquis
1297 2761 1324 2824 si
1343 2762 1530 2845 cognoverit

294 2869 523 2952 deploraturus
547 2867 615 2931 sit’.
661 2866 704 2930 Et
726 2865 813 2931 hunc
836 2866 937 2951 igitur
964 2887 1033 2930 esse
1057 2867 1148 2930 illum
1174 2866 1277 2950 μέγαν
1300 2870 1429 2948 κόμπον
1453 2866 1531 2932 dicit

293 2972 463 3056 Hercules,
487 2973 574 3056 quod
598 2974 631 3037 in
653 2995 713 3038 ενα
736 2975 865 3037 miseria
893 2971 972 3059 (non
997 2995 1033 3037 ea
1057 2995 1152 3056 quam
1177 2973 1245 3058 ipse
1268 2972 1424 3059 patiatur)
1453 2974 1530 3038 dens

298 3079 415 3163 aliquis
450 3081 553 3164 possit
586 3081 802 3166 ingemiscere.
858 3078 971 3163 ltaque
1003 3101 1069 3144 non
1102 3082 1131 3144 sl
1162 3081 1283 3163 πάθοι,
1321 3080 1375 3146 sed
1407 3085 1531 3145 mutata

298 3187 408 3251 littera
430 3188 460 3250 ελ
483 3186 588 3271 μάθοι
613 3187 816 3252 scribendum
841 3191 917 3269 erat,
941 3209 1021 3270 quas
1044 3188 1163 3251 formas
1186 3192 1298 3252 notum
1318 3193 1366 3252 est
1386 3189 1420 3252 in
1438 3187 1530 3253 libris

304 3293 428 3377 scriptis
451 3315 546 3379 saepe
570 3295 654 3359 inter
677 3317 711 3359 se
734 3293 957 3380 permutari*).
1544 3322 1574 3361 ro

263 3392 296 3447 2⁵
458 3402 479 3466 ἃ
502 3400 566 3466 κᾶν
588 3408 681 3467 θεῶν
702 3426 763 3481 τις,
787 3405 818 3467 εἰ
838 3403 954 3485 μάθοι,
976 3402 1180 3467 καταστένοι.

310 3503 483 3573 Sententiae
506 3508 720 3573 conformatio
744 3531 840 3592 quam
864 3509 1013 3573 volumus
1036 3508 1135 3573 habet
1162 3510 1285 3593 aliquid
1309 3510 1530 3574 similitudinis
1640 3505 1644 3512 ’

315 3632 376 3678 uum
398 3637 433 3678 ea
456 3638 539 3700 qnae
562 3620 611 3681 est
633 3617 668 3680 in
690 3614 857 3681 Phoeniss.
876 3616 961 3679 1344

464 3726 531 3786 KP.
563 3717 589 3786 do
613 3721 733 3805 δώματ’
761 3722 968 3806 εἰσηκούσατ’
998 3724 1141 3787 Οἰδίπου
1164 3724 1258 3799 τάθες

460 3834 529 3894 XO.
563 3827 639 3894 ὥστ’
667 3828 710 3893 ἂν
733 3831 900 3913 δακρῦσαί
921 3828 964 3913 γ’,
989 3831 1018 3893 εἰ
1041 3829 1222 3912 φρονοῦντ’
1250 3830 1438 3914 ἐτύγχανεν.

325 3926 448 3999 Ceterum
482 3936 521 3999 de
549 3935 611 4000 diis
638 3936 805 4000 hominum
835 3958 926 4001 casus
955 3934 1268 4018 commiserantibus,
1300 3942 1336 4001 ut
1364 3938 1530 4001 mittamus

328 4054 355 4098 a
382 4062 456 4124 quae
490 4043 523 4106 in
558 4042 698 4108 Hercule
736 4044 819 4107 1127
856 4043 1049 4127 Amphitryo
1086 4064 1156 4107 cum
1195 4044 1414 4129 indignatione
1452 4043 1530 4107 dicit

331 4143 386 4221 quia
412 4149 499 4213 nulla
526 4148 673 4234 luppiter
703 4150 762 4214 bas
790 4149 934 4215 miserias
962 4151 1136 4234 respiciens
1164 4135 1382 4214 misericordia
1410 4151 1529 4214 moveri

330 4246 456 4339 ndeatnr,

461 4358 486 4427 ὦ
512 4367 589 4444 Ζεῦ,
613 4360 691 4447 παρ’
709 4362 816 4445 Ἥρας
839 4358 890 4447 ἆρ’
919 4364 999 4449 ὁρᾷς
1021 4367 1159 4448 θρόνων
1182 4366 1270 4445 τάδε,
1544 4389 1576 4430 so

334 4477 403 4547 steps
428 4469 471 4533 dii
502 4470 565 4554 ipsi
593 4469 760 4553 Euripidei
790 4470 886 4535 verba
916 4471 1054 4555 faciunt,
1086 4472 1174 4535 velut
1201 4472 1232 4535 in
1263 4470 1443 4555 Hippolyto
1472 4471 1531 4535 Ar·

332 4569 399 4636 tenir
419 4574 532 4662 (1339)

457 4684 601 4765 μάλιστα
624 4682 685 4765 μέν
711 4708 773 4748 νυν
795 4683 850 4749 σοὶ
874 4684 944 4749 τάδ’
972 4682 1119 4767 ἔρρωγεν
1143 4686 1235 4763 κακά,

459 4792 546 4873 λύπη
571 4787 607 4855 dt
630 4790 741 4871 κάμοί·
765 4794 843 4868 τοὺς
867 4794 930 4876 γὰρ
954 4790 1201 4874 ebernensem

352 4889 417 4957 1340
459 4894 668 4984 θνῄσκοντας
692 4898 732 4961 οὐ
756 4902 921 4981 χαίρουσι·
945 4900 1024 4973 τούς
1048 4922 1084 4981 γε
1108 4900 1173 4982 μὴν
1196 4902 1318 4975 κακοὺς

460 5002 573 5079 αὐτοῖς
595 5003 738 5068 τέκνοισι
763 5004 816 5068 καὶ
841 5006 954 5086 δόμοις
977 5002 1155 5088 ἐξόλλυμεν

394 5119 510 5128 νῇ.-

332 5105 392 5121 χ

346 5254 351 5273 ‚
395 5175 452 5242 ⁸20)
470 5177 634 5249 [Dionysius
660 5178 750 5232 Halic.
771 5199 797 5231 iv
817 5185 849 5232 81
870 5180 1053 5248 p.105‚4K.
1079 5180 1224 5249 συμφορὰς
1243 5180 1276 5243 ἃς
1300 5181 1348 5234 καλ
1371 5190 1426 5234 τῶν
1449 5183 1528 5234 πολε-

329 5272 381 5319 lm
397 5263 428 5320 ἄν
445 5286 487 5329 τις
504 5269 625 5336 μαθὼν
643 5269 816 5334 δακρύσειεν.
847 5268 1042 5323 coniecturam
1062 5269 1151 5337 μάθοι
1166 5269 1331 5323 Wecklinus
1351 5270 1389 5337 (in
1405 5269 1529 5323 odillone

275 5411 282 5426 .
329 5341 469 5410 Herculius.
485 5361 565 5425 1899)
584 5356 680 5410 Paleio
698 5358 845 5412 adscribit:
865 5358 896 5411 id
909 5375 954 5412 me
968 5358 1044 5429 fugit
1059 5375 1149 5427 neque
1164 5358 1238 5427 apud
1255 5358 1380 5411 Paleium
1395 5357 1530 5428 repperi]
