3925 6675
397 1138 680 1191 ADNOTATIONES
698 1138 961 1190 GRAMMATICAE
979 1139 1019 1188 IN
1040 1139 1240 1191 SOPHOCLIS
1258 1139 1461 1190 ELECTRAM,
1499 1136 1565 1200 515

466 1300 587 1364 ὡσανεὶ
610 1301 764 1384 ῦύγματα
785 1299 805 1382 λ)
825 1299 1017 1383 ἀραιώματα
1037 1298 1229 1380 ἐμποιοῦν
1247 1301 1287 1363 τὰ
1305 1299 1431 1384 μεγέθη
1451 1319 1563 1365 συνοι-

466 1406 698 1490 κονομούμενα
721 1416 760 1492 τῇ
784 1430 818 1470 τε
840 1407 923 1489 πρὸς
946 1407 1072 1489 ἄλληλα
1096 1406 1204 1490 σχέσει
1228 1405 1526 1490 συντετειχισμένα,

327 1513 508 1597 inquibus
530 1513 613 1577 nihil
636 1536 655 1578 a
678 1513 796 1578 codicis
820 1513 1015 1579 testimoniis
1044 1513 1179 1577 discedit
1206 1514 1267 1577 nisi
1293 1512 1380 1596 quod
1404 1512 1566 1594 ἐμποιοῦν

265 1626 311 1681 15
327 1621 370 1685 τὰ
398 1620 541 1704 positum
569 1629 618 1684 est
645 1641 704 1703 pro
732 1618 943 1701 ἐμποιοῦντα.
982 1617 1102 1682 Contra
1134 1620 1284 1684 dixerunt
1307 1620 1393 1682 enim
1416 1619 1565 1683 homines

329 1725 418 1790 docti
443 1731 476 1791 et
494 1726 590 1809 acuti,
612 1726 668 1810 qui
687 1726 839 1790 editorem
861 1726 940 1789 adeo
960 1727 1139 1790 soloecismi
1160 1727 1193 1790 in
1213 1726 1299 1790 hunc
1316 1727 1462 1790 libellum
1483 1726 1566 1790 illati

329 1837 523 1898 accusarunt
560 1837 730 1916 propterea
764 1832 851 1916 quod
882 1832 1088 1916 participium
1121 1833 1292 1897 articulum
1325 1854 1391 1897 non
1423 1832 1566 1915 haberet,

329 1939 498 2025 vulgum
526 1940 712 2023 opinionem
741 1939 889 2023 amplexi.
938 1938 1025 2015 Quae
1054 1962 1150 2022 quam
1179 1940 1261 2004 falsa
1288 1945 1372 2003 esset
1400 1939 1565 2004 Bekkerus

331 2045 447 2110 docere
470 2050 606 2130 poterat,
634 2046 782 2129 idemque
809 2046 903 2110 nobis
926 2046 1073 2109 videmur
1097 2046 1245 2130 pluribus
1270 2047 1467 2131 argumentis
1491 2067 1564 2110 con-

331 2151 484 2217 firmasse.
525 2150 598 2216 Nisi
630 2153 687 2236 qui
710 2153 794 2216 forte
817 2153 864 2217 sic
887 2151 1107 2233 ratiocinatur,
1135 2154 1169 2216 in
1193 2154 1372 2237 participiis
1395 2153 1564 2217 masculini

331 2259 460 2344 generis
487 2259 551 2324 hoc
579 2259 666 2343 quod
694 2261 880 2342 statuimus,
907 2281 974 2323 non
1003 2259 1035 2323 in
1066 2261 1210 2324 neutrius
1234 2261 1341 2323 locum
1365 2258 1564 2344 habuisse*).
1580 2283 1608 2322 ιο

330 2364 401 2430 Nos
424 2367 520 2430 istam
545 2367 744 2450 sententiam,
768 2388 832 2450 qua
854 2365 934 2430 vitia
957 2367 1112 2430 orationis
1131 2387 1204 2431 cum
1224 2366 1360 2430 aedificii
1380 2366 1566 2430 exstruendi

332 2471 422 2537 vitiis
445 2473 696 2555 contenduntur,
723 2477 761 2537 ut
783 2472 841 2537 illa
863 2471 977 2536 horum
1003 2473 1214 2537 similitudine
1238 2474 1461 2556 explanentur,
1488 2473 1566 2536 satis

332 2578 512 2663 simplicem
536 2601 605 2644 esse
628 2601 688 2644 nec
710 2579 778 2644 ulla
801 2579 999 2644 obscuritate
1022 2579 1208 2663 impeditam
1232 2579 1441 2665 arbitramur3
1471 2580 1567 2643 inter·

331 2690 499 2769 pretamur
529 2691 651 2769 autem,
681 2691 720 2750 nt
752 2686 939 2750 brevissime
971 2708 1158 2770 possumus,
1190 2687 1248 2750 ita:
1281 2689 1475 2769 λυμαίνεται
1502 2689 1566 2770 γὰρ

333 2801 436 2857 ταῦτα
468 2791 551 2878 (scil
579 2794 620 2857 τὰ
646 2791 946 2875 ἐγκαταταττόμενα
974 2794 1038 2858 διὰ
1071 2792 1118 2875 μέ
1123 2811 1194 2857 σου
1225 2794 1314 2857 velut
1343 2795 1507 2875 φλοιῶδες
1534 2797 1567 2856 et

332 2895 494 2984 ἄσεμνον)
525 2900 563 2964 τὸ
592 2899 673 2964 ὅλον
700 2898 801 2985 (quod
829 2899 943 2964 mediis
971 2905 1021 2963 est
1049 2901 1249 2984 oppositum,
1280 2921 1320 2963 ne
1348 2899 1386 2962 de
1415 2898 1566 2963 adverbio

334 3006 509 3092 cogitem
532 3004 572 3070 cf.
592 3004 629 3070 ἕν
651 3030 681 3070 τι
706 3018 800 3090 σῶμα
823 3029 853 3091 p.
873 3006 926 3089 22,
947 3006 1001 3088 15)
1022 3005 1142 3070 ὡσανεὶ
1162 3006 1317 3090 νύγματα
1335 3005 1355 3088 ἢ
1375 3005 1567 3090 ἀραιώματα

334 3112 498 3197 ἐμποιοῦν
521 3110 567 3198 (λι.
586 3134 611 3176 e.
635 3111 654 3177 ὃ
677 3111 806 3195 ἐμποιεῖ
828 3113 896 3176 sive
920 3113 938 3177 ὃ
962 3111 1005 3177 ἂν
1028 3111 1161 3198 ἐμποιῇ)
1184 3114 1224 3177 τὰ
1246 3111 1372 3196 μεγέθη
1396 3111 1565 3198 (λυμαίνε-

333 3217 402 3304 ται)
426 3219 756 3302 σννοιιιονομούμενα
779 3229 818 3304 τῇ
841 3242 877 3283 τε
895 3221 978 3302 πρὸς
997 3220 1122 3303 ἄλληλα
1141 3218 1249 3303 σχέσει
1268 3218 1565 3304 συντετειχισμένα.

424 3322 564 3390 Tantum
596 3329 658 3391 est:
689 3324 766 3411 περὶ
798 3321 836 3391 δὲ
867 3326 996 3391 τούτων
1029 3325 1118 3402 ὅπως
1150 3324 1286 3404 ἕκαστος
1317 3327 1415 3403 αὐτὸς
1446 3325 1606 3393 έαντὸνιο

334 3432 490 3499 πέπεικεν
512 3432 619 3510 οὕτως
642 3432 910 3517 ὑπολαμβανέτω.
957 3431 1024 3497 Sor.
1039 3457 1079 3497 m.
1095 3433 1263 3499 Decembri
1279 3456 1305 3498 a.
1321 3452 1509 3499 unccccui.

423 3626 490 3689 ’10)
509 3624 629 3679 Articuli
652 3625 812 3695 participiis
836 3626 959 3680 addendi
978 3644 1014 3680 ne
1033 3627 1117 3680 nimis
1137 3628 1233 3695 cupidi
1253 3628 1339 3682 simus
1358 3628 1478 3683 sortasse
1497 3628 1567 3683 haec

335 3731 448 3784 quoquo
471 3731 543 3781 quae
561 3713 689 3769 Platonis
708 3718 774 3768 sunt
792 3731 848 3768 non
867 3714 972 3770 frustra
991 3714 1183 3771 admonebunt
1202 3717 1247 3784 (de
1262 3734 1291 3771 re
1305 3735 1332 3786 p.
1347 3736 1365 3769 x
1379 3736 1406 3786 p.
1422 3723 1472 3770 611
1484 3717 1513 3786 b)
1532 3719 1566 3771 οῦ

336 3800 438 3880 &dm
461 3804 556 3859 ἀΐδιον
579 3799 654 3857 εἶναι
677 3802 816 3859 σύνθετόν
839 3824 869 3858 τε
893 3804 922 3857 ἐκ
946 3807 1055 3859 πολλῶν
1074 3807 1121 3858 καλ
1140 3805 1176 3873 μὴ
1196 3812 1228 3875 τῇ
1248 3804 1377 3876 καλλίστῃ
1396 3806 1567 3877 κεχρημένον

336 3890 477 3959 συνθέσει,
496 3892 549 3946 λκιο
567 3895 612 3947 cst
630 3889 645 3946 ὃ
665 3890 804 3947 σύνθετόν
823 3894 897 3947 ἐστιν
916 3893 964 3947 καλ
982 3894 1019 3961 μὴ
1040 3891 1216 3963 κεχρημένον.
