3925 6675
404 1137 471 1201 270
579 1137 675 1187 XLVI.
695 1136 811 1187 INDEX
829 1133 1044 1187 LECTIONUM
1062 1137 1303 1190 HIBERNARUM
1323 1138 1454 1209 lescssc.

404 1304 454 1365 est
470 1304 528 1365 aut
545 1299 671 1363 ratione
685 1318 803 1362 carens.
840 1295 987 1381 Denique
1002 1320 1042 1361 ne
1056 1296 1110 1362 bic
1124 1298 1262 1384 quidem,
1281 1300 1433 1385 quonism
1447 1302 1482 1365 in
1495 1304 1635 1367 mentem
1653 1310 1688 1365 15

405 1412 463 1492 est,
486 1407 666 1471 omittimus
684 1404 823 1469 Romanu
846 1404 1012 1488 scriptoris
1036 1406 1213 1471 orationem
1237 1406 1277 1471 ad
1301 1406 1392 1472 illum
1411 1407 1544 1473 modum
1562 1428 1637 1473 con·

404 1516 574 1580 formatam
597 1513 723 1578 afferre:
742 1512 790 1575 sic
809 1511 894 1575 enim
909 1508 1020 1575 Cicero
1035 1510 1179 1577 Atticum
1198 1512 1356 1578 dicentem
1375 1514 1454 1579 facit
1472 1512 1526 1601 (de
1538 1515 1636 1601 legib.

404 1619 530 1708 11‚3)
557 1641 621 1685 non
648 1620 753 1685 dubito
783 1618 981 1700 ideoideo,
1013 1620 1069 1685 sed
1093 1619 1168 1685 boec
1194 1622 1262 1685 iam
1288 1642 1352 1687 noa
1380 1643 1418 1686 eo
1444 1627 1484 1702 te,
1516 1622 1636 1704 Quinte

404 1749 526 1813 quaero,
548 1748 654 1792 omum
678 1747 720 1791 eo
742 1728 824 1808 ipso
840 1732 963 1807 poeto,
988 1729 1092 1792 tuine
1114 1748 1219 1794 vasio
1240 1728 1322 1793 bunc
1343 1718 1488 1812 worm
1505 1732 1638 1795 samad

405 1858 449 1902 aa
466 1839 514 1901 ito
530 1836 650 1917 scotum
668 1834 706 1899 de
724 1834 836 1898 Mario
853 1838 889 1897 or
904 1834 1017 1899 sorabos
1034 1835 1194 1916 coemeras
1232 1834 1295 1911 Qui
1314 1857 1395 1919 quac
1414 1858 1479 1901 una
1492 1838 1637 1903 oratione

405 1943 559 2027 coercuit,
586 1962 700 2025 pacoro
723 1962 760 2005 ec
781 1943 849 2022 ipso
864 1946 960 2022 poeto
981 1942 1068 2007 tuine
1089 1944 1360 2022 successerint,
1384 1944 1430 2007 ita
1452 1948 1638 2028 comparata

405 2055 494 2134 sunt,
521 2054 559 2114 ut
585 2071 689 2133 neque
717 2047 955 2132 aequabilitatis
978 2050 1083 2133 speeie
1106 2049 1283 2132 probentur
1305 2072 1409 2135 neque
1432 2049 1531 2116 ullam
1555 2053 1636 2115 veri·

406 2159 543 2223 similem
566 2157 795 2223 correctionem
820 2156 984 2239 recipiant.
1021 2154 1066 2220 Et
1088 2156 1167 2220 talia
1189 2161 1326 2239 possunt
1348 2157 1445 2221 fidem
1467 2156 1573 2223 facere
1595 2179 1637 2223 ns

366 2294 391 2335 ro
406 2268 435 2331 si
462 2286 544 2350 quae
570 2263 698 2329 facilius
726 2284 821 2327 curae
843 2261 1049 2327 emendatrici
1075 2263 1189 2327 cedant
1211 2268 1325 2328 nostro
1348 2264 1505 2329 arbitratu
1528 2264 1563 2329 in
1587 2286 1637 2330 or·

406 2374 513 2438 dinem
536 2392 698 2458 cogamus.
734 2367 819 2433 Nam
842 2369 941 2455 vulgo
965 2370 1069 2433 critici
1091 2370 1119 2435 si
1143 2393 1207 2455 qus
1229 2373 1279 2434 est
1297 2370 1442 2455 offensio,
1464 2371 1531 2437 sive
1549 2373 1637 2437 iusta

405 2481 473 2544 sive
490 2500 556 2543 non
574 2480 670 2560 iusta,
692 2478 739 2541 ita
756 2480 867 2561 agunt,
889 2479 927 2540 ut
945 2498 1027 2560 quae
1047 2478 1164 2563 corrigi
1184 2478 1318 2561 possint,
1340 2477 1429 2543 facili
1447 2480 1636 2562 praesertim

406 2609 512 2672 opera,
531 2584 703 2671 corrigant,
721 2605 803 2667 quae
821 2583 1042 2667 nonpossint,
1062 2584 1189 2649 etiamsi
1208 2605 1319 2649 eorum
1339 2584 1516 2650 similitudo
1536 2588 1637 2649 atten-

405 2693 494 2759 denti
517 2694 551 2756 in
574 2693 685 2758 oculos
709 2692 860 2774 incurrat,
882 2691 1142 2775 praetermittant
1165 2692 1276 2775 securi,
1300 2712 1336 2755 sc
1358 2714 1431 2757 raro
1455 2692 1540 2757 ultra
1563 2714 1637 2757 eum

405 2804 511 2865 locum
545 2821 641 2884 quem
669 2820 728 2863 sua
754 2798 888 2862 libidine
916 2801 1077 2882 temptant
1104 2801 1260 2863 sermonis
1287 2800 1404 2863 itinera
1431 2822 1468 2865 ac
1495 2798 1637 2864 rationes

405 2930 479 2975 cum
502 2906 609 2973 studio
632 2908 875 2991 persequantur.
912 2904 1020 2989 Atque
1043 2904 1106 2970 boc
1129 2904 1210 2969 illud
1229 2909 1277 2969 est
1297 2906 1384 2989 quod
1402 2926 1461 2969 nos
1480 2905 1536 2989 qui
1554 2904 1638 2971 nibil

405 3017 468 3100 ipsi
485 3015 639 3079 facientes
657 3014 727 3077 vice
741 3012 824 3079 cotis
837 3012 931 3099 fungi
944 3013 1105 3077 malumus
1121 3015 1218 3078 etiam
1234 3018 1329 3097 atque
1344 3015 1441 3078 etiam
1455 3012 1637 3079 adolescen-

404 3122 492 3187 tibus
514 3121 633 3186 nostris
657 3125 803 3186 auctores
826 3141 936 3184 sumus
960 3142 1001 3184 ne
1024 3119 1212 3203 scriptorem
1236 3124 1380 3184 veterum
1403 3119 1572 3185 emendare
1591 3119 1637 3183 in·

405 3230 542 3293 stituant
568 3228 659 3313 prius
687 3249 782 3311 quam
809 3231 843 3292 et
869 3227 976 3311 ipsum
1005 3231 1037 3291 et
1065 3228 1120 3311 qui
1148 3248 1220 3291 cum
1249 3246 1287 3291 eo
1315 3230 1419 3291 aetate
1442 3231 1499 3292 aut
1520 3247 1637 3312 genere

366 3336 568 3413 „coniuncti
592 3339 667 3400 sunt
689 3333 849 3400 indefessa
870 3332 1009 3400 lectione
1028 3355 1065 3399 ac
1082 3357 1148 3400 non
1166 3334 1393 3421 languescente
1412 3332 1636 3399 observatione

405 3465 463 3527 per
486 3463 596 3507 omnes
619 3443 865 3507 eonsuetudines
888 3463 925 3507 ac
948 3441 1088 3522 delicias,
1113 3440 1278 3506 libertates
1300 3442 1397 3506 etiam
1421 3462 1458 3506 ac
1479 3440 1636 3524 licentias,

404 3550 533 3634 penitus
556 3551 772 3633 pernoverint.
809 3547 875 3614 Sor.
894 3573 934 3614 m.
953 3547 1061 3633 Aprili
1081 3571 1106 3613 a.
1126 3565 1350 3613 nneccxcvss.
