3925 6675
519 1142 570 1194 DE
588 1143 686 1194 VOCE
705 1142 969 1195 CONTROVERSA
987 1143 1027 1193 IN
1045 1142 1222 1194 PLATONIS
1240 1142 1447 1194 PHAEDONE.
1533 1141 1596 1204 211

359 1325 535 1388 possumus
566 1326 633 1369 non
665 1303 877 1388 improbabile
909 1303 1065 1386 iudicare,
1097 1325 1157 1368 nos
1190 1305 1405 1368 convertimus
1435 1304 1475 1368 ad
1503 1303 1601 1369 verba

359 1410 522 1476 librorum
553 1410 617 1476 fide
647 1411 773 1476 tradita
812 1410 866 1475 Ab
898 1409 950 1475 hia
983 1414 1089 1476 autem
1118 1411 1223 1475 verbis
1251 1410 1444 1477 concedatur
1471 1415 1601 1495 oportet

359 1518 487 1605 ῥαδίως
506 1537 626 1601 vocem,
645 1538 709 1602 qua
727 1519 831 1583 omnis
850 1516 1020 1582 dubitandi
1038 1518 1171 1582 materia
1190 1519 1381 1602 continetur,
1400 1518 1468 1583 sine
1484 1518 1599 1582 damno

360 1626 543 1690 sententiae
569 1625 715 1709 potuisse
741 1624 865 1689 abesse:
893 1633 992 1690 τοῦτο
1020 1621 1057 1690 δὲ
1085 1624 1188 1691 οὐδὲν
1215 1626 1295 1689 ἀλλο
1323 1623 1416 1689 ἐστὶν
1442 1623 1462 1708 ἣ
1487 1625 1600 1708 ὀρθῶς

359 1737 600 1816 φιλοσοφοῦσα
624 1729 680 1795 καὶ
703 1737 748 1818 τῷ
768 1733 841 1796 ὄντι
864 1731 1026 1796 τεθνάναι
1048 1737 1229 1815 μελετῶσα·
1257 1731 1277 1814 ἢ
1302 1731 1343 1796 οὐ
1365 1730 1455 1797 τοῦτ’
1481 1730 1524 1796 ἀν
1547 1737 1597 1814 εἴη

360 1837 479 1922 μελέτη
503 1838 672 1914 θανάτους
696 1836 759 1902 Sed
781 1837 858 1921 quia
880 1839 915 1902 in
933 1836 995 1903 hac
1013 1839 1158 1903 oratione
1176 1837 1260 1903 nihil
1279 1839 1452 1903 desiderari
1472 1838 1600 1915 dixeris,

361 1966 397 2009 eo
421 1946 533 2009 minus
556 1943 709 2010 credibile
732 1949 789 2028 est,
813 1944 936 2030 ῥᾳδίοις
959 1968 979 2009 a
1001 1946 1109 2010 nescio
1134 1966 1198 2029 quo
1222 1949 1350 2029 praeter
1372 1949 1511 2010 mentem
1530 1944 1600 2009 Pla·

361 2052 448 2117 tonis
472 2072 543 2115 esse
566 2051 734 2116 adiectum.
770 2049 883 2135 Itaque
906 2056 963 2116 aut
985 2052 1048 2116 hoc
1070 2073 1180 2116 verum
1204 2057 1253 2117 est
1275 2057 1332 2117 aut
1350 2052 1540 2138 corrigendo
1560 2074 1599 2116 ex

362 2181 397 2225 eo
425 2157 648 2242 efficiendum,
675 2159 762 2243 quod
791 2181 851 2243 pro
879 2182 956 2225 vero
983 2157 1095 2223 haberi
1123 2164 1227 2243 queat.
1265 2158 1328 2236 Qui
1350 2163 1501 2223 testatam
1525 2160 1600 2224 acri·

362 2270 492 2351 pturam
510 2267 667 2349 sequitur,
685 2263 1006 2345 Schlaiermacherus‚
1023 2266 1185 2331 τεθνάναι
1199 2270 1365 2347 μελετῶσα
1380 2266 1512 2351 ῥᾳδίως,
1531 2288 1600 2330 eam
1615 2292 1641 2333 ιο

364 2373 449 2456 quod
476 2372 525 2436 ita
551 2371 704 2457 reddidit,
732 2373 856 2455 ἀανααί
878 2372 970 2438 ἀεεάά
993 2373 1082 2438 oica
1103 2393 1144 2438 ια
1165 2372 1296 2456 emma,
1324 2395 1390 2438 non
1412 2377 1531 2437 temere
1554 2394 1599 2437 re-

365 2478 514 2563 probavit
527 2477 690 2544 Usenerus
708 2485 878 2563 propterea
897 2478 983 2562 quod
1001 2479 1164 2543 τεθνάναι
1179 2479 1334 2562 scriptum
1350 2480 1447 2542 estin
1462 2475 1601 2562 Graecis,

366 2606 428 2650 non
449 2583 690 2670 ἀποθνῄσκειν.
726 2583 831 2650 Nemo
853 2586 967 2669 nescit,
991 2585 1069 2669 quid
1093 2585 1292 2650 differentiae
1309 2588 1396 2650 iuter
1414 2585 1491 2649 duas
1512 2585 1601 2649 verbi

369 2691 482 2757 formas
510 2691 700 2774 intercedat,
730 2713 863 2776 eamque
891 2691 968 2756 olim
997 2691 1175 2756 Immanuel
1203 2693 1369 2756 Bekkerus
1398 2693 1445 2767 (in
1474 2692 1600 2757 schedis

373 2796 545 2864 Homericis
571 2799 681 2863 alteris
699 2821 730 2883 p.
750 2797 820 2884 9ε.)
848 2798 1028 2863 admirabili
1055 2798 1113 2863 illa
1139 2799 1295 2863 sermonis
1320 2799 1436 2882 peritia
1459 2799 1504 2862 ita
1526 2821 1596 2882 per-

376 2910 492 2970 secutus
515 2909 565 2970 eat
587 2909 625 2969 ut
647 2910 681 2970 et
703 2905 780 2990 quid
802 2905 963 2989 peculiare
986 2905 1052 2970 illia
1075 2905 1209 2990 perfecti
1232 2905 1343 2970 formis
1366 2906 1597 2989 exprimeretur

380 3006 482 3077 Graece
509 3011 659 3077 edoceret
680 3017 714 3076 et
736 3033 831 3095 quam
854 3011 917 3079 hoc
939 3033 999 3077 nec
1021 3011 1156 3076 Latinus
1181 3033 1284 3076 sermo
1308 3033 1412 3096 neque
1436 3009 1597 3076 Germani-

384 3135 439 3200 cus,
467 3119 523 3202 qui
553 3140 621 3184 non
647 3123 785 3204 possunt
811 3119 875 3182 nisi
902 3119 1090 3202 compositis
1117 3119 1207 3183 verbi
1234 3118 1347 3184 formis
1375 3119 1437 3203 uti,
1469 3118 1600 3202 assequi

386 3229 510 3310 possant3
536 3225 634 3310 idque
662 3230 728 3289 tam
751 3224 932 3290 Homericis
959 3225 1113 3310 exemplis
1137 3225 1301 3311 probavit,
1329 3227 1358 3291 ελ
1381 3225 1421 3291 δέ
1441 3249 1499 3309 μοι
1522 3218 1599 3290 αἶσα

323 3399 325 3408 ,
390 3333 566 3417 τεθνάμεναι
590 3333 680 3417 παρὰ
703 3330 825 3416 νηυσὶν
843 3330 984 3417 Ἀχαιῶν
1007 3334 1269 3417 χαλκοχιτώνων,
1293 3356 1388 3418 quam
1411 3332 1600 3417 Platonicis,
1616 3361 1642 3401 ao

323 3463 325 3480 ⁸
393 3453 452 3516 quae
478 3438 515 3505 de
537 3438 661 3526 Legum
688 3439 781 3504 libris
808 3440 939 3524 petivit,
966 3440 1085 3523 quibus
1109 3440 1186 3525 quid
1210 3440 1272 3505 hoc
1295 3461 1396 3526 genus
1420 3440 1546 3505 dicendi
1569 3442 1604 3505 in

394 3538 468 3627 legali
486 3552 518 3611 et
534 3545 679 3613 iudiciali
698 3568 759 3611 usu
778 3547 934 3611 valuisset
952 3547 1143 3628 ostenderet,
1162 3546 1298 3631 νηποινὶ
1317 3548 1481 3625 τεθνάτῶ;
1504 3557 1603 3630 τιμᾶν
1677 3596 1680 3605 .

398 3648 420 3709 ελ
434 3654 581 3719 τεθνάναι
604 3656 676 3737 χρή.
712 3652 782 3718 Νοε
805 3658 959 3718 anostra
987 3675 1083 3719 causa
1106 3654 1169 3719 hoc
1191 3676 1257 3718 non
1280 3655 1419 3719 alienum
1442 3658 1604 3739 putamus,

399 3754 606 3825 aphaedonis
629 3760 769 3846 dialogo,
792 3761 848 3844 qui
871 3761 1006 3825 multam
1029 3759 1127 3825 habet
1150 3761 1264 3826 mortis
1288 3766 1320 3827 et
1342 3762 1498 3827 moriendi
1518 3783 1603 3828 com·

400 3866 642 3950 memorationem,
670 3888 751 3951 quae
778 3868 842 3932 huc
864 3867 969 3932 iacere
993 3866 1156 3951 videntur,
1182 3867 1316 3932 collecta
1338 3890 1403 3932 uno
1428 3874 1603 3953 conspeetu

402 3982 556 4051 proponere.

501 4102 531 4164 p.
548 4079 768 4164 12,15B0kk.
787 4070 837 4157 οἷς
855 4080 989 4163 βέλτιον
1007 4082 1199 4146 τεθνάναι
1214 4080 1235 4164 ἢ
1250 4084 1325 4164 ζῆν.
1353 4071 1404 4157 οἷς
1418 4082 1455 4146 δὲ
1469 4080 1603 4164 βέλτιον

590 4188 785 4252 τεθνάναι
808 4186 862 4273 (cf.
882 4188 989 4252 sched.
1009 4186 1105 4252 Hom.
1124 4189 1144 4253 l.
1165 4186 1205 4271 c.)

502 4315 531 4377 p.
549 4292 634 4376 13,9
658 4295 702 4377 μὴ
725 4297 934 4378 σημήναντός
956 4313 1019 4359 σου
1043 4296 1094 4359 ὅτι
1118 4296 1233 4377 βούλει
1256 4295 1336 4360 αὐτὸ
1360 4296 1553 4360 τεθνάναι

503 4420 533 4483 p.
551 4399 657 4482 13,16
685 4401 723 4465 τὸ
750 4403 829 4479 τοὺς
856 4404 1067 4484 φιλοσόφους
1092 4400 1237 4487 ῥᾳδίας
1260 4399 1307 4465 ἀν
1330 4400 1487 4466 ἐθέλειν
1511 4401 1642 4470 ἀπο-ει

591 4504 787 4593 θνῄσκειν

505 4614 635 4696 p.14‚9
659 4616 737 4691 τοὺς
759 4618 948 4699 φρονίμους
971 4614 1210 4698 ἀγανακτεῖν
1233 4614 1563 4702 ἀποθνῄσκοντας

505 4740 534 4802 p.
551 4719 658 4802 16,18
689 4720 764 4786 ὅσοι
790 4723 1017 4806 τυγχάνουσιν
1044 4722 1157 4807 ὀρθῶς
1185 4722 1363 4806 ἁπτόμενοι
1391 4724 1603 4807 φιλοσοφίας,

591 4826 771 4911 λεληθέναι
797 4832 876 4905 τοὺς
903 4831 1026 4906 ἄλλους
1050 4830 1101 4895 ὅτι
1125 4825 1226 4895 οὐδὲν
1249 4831 1330 4895 ἀλλο
1354 4828 1449 4895 αὐτοὶ
1472 4828 1603 4913 ἐιιιτη-

591 4934 784 5000 δεύουσιν
807 4935 827 5019 ἢ
849 4932 1123 5021 ἀποθνῄσκειν
1145 4960 1185 5001 τε
1208 4935 1271 5001 καὶ
1294 4938 1486 5001 τεθνάναι

508 5060 535 5122 p.
551 5040 656 5127 17,17
681 5040 737 5107 καὶ
754 5034 840 5107 εἶναι
858 5051 958 5108 τοῦτο
976 5044 1014 5108 τὸ
1032 5044 1241 5125 τεθνάναι,
1264 5042 1364 5128 χωρὶς
1382 5044 1444 5128 μὲν
1462 5041 1526 5107 ἀπὸ
1544 5052 1602 5125 τῆς

592 5158 700 5233 ψυχῆς
722 5148 912 5234 ἀπαλλαγὲν
932 5150 1014 5215 αὐτὸ
1031 5148 1109 5215 καθ’
1134 5147 1232 5215 ἑαυτὸ
1251 5151 1289 5215 τὸ
1309 5161 1401 5234 σῶμα
1419 5148 1603 5232 γεγονέναι,

593 5253 692 5338 χωρὶς
719 5251 757 5320 δὲ
784 5257 846 5339 τὴν
872 5258 985 5340 ψυχὴν
1012 5256 1076 5322 ἀπὸ
1100 5265 1161 5322 τοῦ
1185 5258 1334 5341 σώματος
1357 5256 1603 5337 ἀπαλλαγεῖσαν

594 5362 699 5447 αὐτὴν
721 5360 798 5428 καθ’
826 5362 932 5447 αὐτὴν
955 5356 1041 5429 εἶναι

1334 5468 1389 5525 14*
