3925 6675
717 1132 766 1181 ns
784 1131 918 1182 resurr
935 1131 1185 1182 usnsncsnus.
1508 1127 1574 1192 429

341 1315 401 1381 per
418 1316 453 1358 se
471 1291 568 1378 plens
582 1296 659 1357 sunt
672 1291 745 1378 (cur
758 1294 843 1358 enim
858 1291 970 1356 oculos
985 1315 1058 1357 eum
1072 1293 1200 1377 pulsare
1214 1289 1394 1379 dicemus‘l)
1409 1296 1441 1356 et
1456 1291 1575 1356 deside-

341 1406 433 1466 retur
451 1400 539 1484 quod
551 1401 607 1463 rix
621 1398 732 1463 abesse
747 1404 884 1484 poterat,
901 1400 1053 1481 quoniam
1069 1395 1211 1482 Oedipus
1226 1399 1335 1484 prodit
1348 1403 1385 1463 ut
1399 1399 1574 1464 inferorum

342 1509 476 1573 numine
493 1505 642 1591 appellet,
661 1507 739 1590 quid
757 1506 861 1591 egerit
876 1509 913 1569 ut
926 1505 990 1571 hoc
1004 1505 1172 1570 consilinm
1189 1508 1249 1571 rite
1263 1510 1463 1589 exsequetur.
1488 1503 1577 1582 Quae

343 1615 399 1700 qni
413 1615 612 1700 reputaverit
624 1612 784 1700 intelliget
796 1613 900 1678 medis
911 1612 969 1678 ills
978 1614 1169 1696 interposite
1178 1613 1325 1678 mantue
1333 1613 1471 1695 epulwt
1481 1614 1577 1676 inane

342 1723 443 1789 sulcem
465 1743 531 1787 non
549 1721 590 1784 ed
613 1721 779 1806 superiora
804 1722 965 1804 pertinere
989 1721 1044 1784 sed
1068 1721 1220 1806 coniungi
1240 1741 1313 1784 cum
1335 1718 1576 1802 insequentibus

343 1849 495 1911 saevoque
507 1830 555 1894 ito
566 1848 636 1893 voce
642 1833 800 1910 precato,
813 1848 918 1912 neque
931 1827 1087 1892 οοοιίοιιινι
1101 1827 1200 1892 solum
1215 1827 1278 1891 dici
1291 1827 1346 1892 scd
1358 1833 1458 1892 terrae
1468 1825 1577 1909 solum,

344 1936 432 2022 quod
446 1935 501 2000 ille
514 1935 691 2021 pulsaverit
704 1934 826 2000 scilicet
841 1938 880 1999 ut
894 1957 928 1999 se
942 1934 1075 1999 audiunt
1090 1935 1184 1998 inferi
1194 1934 1359 1999 dicentem.
1380 1933 1423 1998 Et
1437 1937 1486 1998 est
1499 1933 1579 1998 hoec

344 2044 394 2108 ris
406 2043 564 2125 polsmrdr'
581 2065 678 2126 qusm
691 2043 727 2106 in
740 2042 838 2106 simili
853 2041 1042 2106 condicione
1056 2061 1162 2106 rerum
1178 2062 1333 2126 agnoscas
1346 2040 1445 2106 Theb.
1457 2058 1494 2104 1v
1503 2040 1578 2104 477.

434 2149 512 2216 Non
534 2171 618 2214 nors
640 2153 691 2213 est
712 2148 792 2213 hoec
815 2171 911 2232 quem
930 2148 1132 2213 defendimus
1150 2148 1372 2233 interpretatio
1393 2147 1448 2212 sed
1467 2147 1578 2212 multis

344 2257 494 2344 probas,
512 2258 576 2321 ism
590 2256 777 2321 Lactantius
796 2277 869 2320 curn
888 2258 985 2320 ιἰιοιιο
1002 2255 1102 2321 solum
1119 2277 1187 2320 esse
1200 2257 1316 2320 inania
1331 2255 1471 2320 Tartara
1485 2253 1579 2338 dicet,
1593 2281 1619 2319 ιο

346 2385 474 2430 sensum
509 2365 637 2449 quidem
665 2363 730 2429 loci
755 2367 842 2428 recte
868 2364 1026 2447 percepit3
1059 2363 1093 2426 in
1120 2363 1319 2447 eundemque
1349 2363 1477 2427 modum
1505 2381 1579 2426 curn

347 2472 540 2536 vetustiores
572 2470 703 2555 quidem
736 2468 831 2534 Statii
858 2469 1049 2554 interpretes
1079 2474 1148 2535 tum
1175 2471 1380 2555 recentiores,
1403 2471 1436 2534 in
1460 2468 1580 2553 quibus

347 2578 384 2644 0.
398 2577 586 2661 Muellerus,
613 2578 840 2662 explanarunt,
867 2599 970 2662 neque
994 2578 1017 2642 ii
1041 2578 1243 2642 immemores
1266 2577 1396 2642 filerunt
1418 2576 1581 2642 nobilissi-

347 2704 473 2751 morum
496 2707 646 2750 versuum
669 2683 917 2750 Homericornm
941 2685 980 2749 de
1004 2683 1142 2750 Altheee
1165 2682 1273 2770 (ll.1x
1291 2681 1371 2768 566)

482 2791 514 2871 ἔξ
538 2791 646 2876 ἀρέων
667 2793 791 2876 μητρὸς
812 2791 1047 2876 κεχολωμένος,
1071 2792 1091 2874 ἥ
1115 2792 1157 2876 (icc
1180 2798 1312 2857 θεοῖσιν

480 2898 574 2965 πόλλ’
603 2897 736 2984 ἆχέουσ’
763 2899 865 2981 ἠρᾶτο
891 2901 1104 2982 κασιγνήτοιο
1129 2901 1261 2984 φόνοιο,

482 3008 589 3072 πολλὰ
612 3002 649 3071 dl
672 3005 728 3070 καὶ
751 3017 851 3088 ναῖον
874 3008 1098 3090 πολυφόρβην
1120 3003 1234 3090 χερσὶν
1258 3005 1354 3070 ἀλοία

297 3115 333 3172 ll
483 3111 695 3198 κικλήσκονσ’
723 3111 911 3196 Aldus-xci
936 3111 1075 3195 ἐπαινὴν
1100 3115 1363 3198 Περσεφόνειαν,

395 3220 461 3286 570
484 3223 614 3306 πρόχνυ
636 3220 852 3303 καθεζομένη,
876 3221 1016 3284 δεύοντο
1040 3215 1076 3284 dl
1101 3219 1243 3304 δάκρυσι
1267 3219 1383 3284 κόλποι

483 3329 578 3395 παιόί
602 3328 704 3413 δόμεν
726 3327 887 3393 θάνατον.
1419 3376 1422 3399 ,
1596 3349 1623 3389 ro

351 3434 453 3513 Quem
467 3440 593 3523 gestum
606 3434 756 3500 menibus
770 3433 837 3521 (vel
845 3434 941 3520 pede)
955 3433 1106 3519 pulsandi
1121 3438 1238 3499 terram
1254 3440 1290 3499 ut
1304 3434 1435 3499 audient
1449 3434 1583 3518 χθόνιοι

351 3543 501 3629 pluribus
523 3542 679 3627 exemplis
702 3541 878 3607 illustravit
900 3540 938 3606 E.
954 3540 1102 3606 Rohdius
1130 3542 1163 3605 in
1193 3540 1276 3606 libro
1300 3562 1365 3625 quo
1390 3538 1584 3605 Graecorum

351 3650 527 3715 sententies
551 3649 589 3714 de
607 3649 732 3714 enimse
750 3648 993 3713 immortalitate
1011 3652 1196 3733 persecutus
1212 3652 1261 3713 est
1280 3671 1309 3731 p.
1327 3648 1387 3713 111
1408 3652 1489 3733 etp.
1505 3647 1584 3732 693;

352 3757 408 3841 qui
432 3756 519 3841 quod
538 3754 635 3821 Statii
653 3777 764 3820 versus
787 3757 962 3840 proeteriit,
985 3756 1122 3821 fortasse
1145 3755 1238 3821 aliter
1261 3756 1464 3840 accipiendos
1484 3756 1584 3819 duxit.

353 3862 416 3929 Sed
435 3867 521 3929 certe
539 3862 578 3927 de
595 3863 860 3947 interpretatione
879 3862 1104 3947 ambigendum
1124 3866 1261 3945 nonest,
1280 3884 1476 3945 quemquem
1490 3864 1586 3927 ιἰιοιιο

353 3970 521 4055 epitheton
542 3970 605 4035 solo
624 3968 782 4034 adiectum
801 3971 835 4033 in
854 3969 996 4035 diverses
1015 3974 1122 4054 partes
1140 3968 1293 4033 trahitur:
1312 3970 1486 4034 edissenis
1505 3970 1535 4032 Τ
1533 3990 1586 4033 αν-

353 4083 427 4143 tora
448 4077 575 4142 rettulit
602 4078 650 4141 uti
678 4076 817 4142 diximus
840 4080 1075 4142 commentator
1096 4080 1203 4161 retus,
1235 4075 1290 4141 elii
1317 4078 1363 4141 itu
1386 4076 1450 4141 dici
1473 4077 1586 4139 volunt

354 4188 392 4249 nt
420 4185 516 4250 ἰιιοιιο
542 4204 653 4267 corpus
683 4183 803 4251 dicitur
831 4184 918 4268 quod
945 4180 1086 4249 enimam
1113 4205 1180 4247 non
1208 4181 1305 4247 hebet
1328 4182 1389 4269 (sic
1412 4180 1522 4246 cicero
1547 4183 1585 4247 de

353 4294 416 4379 leg.
430 4308 456 4355 11
473 4288 605 4377 18,45);
627 4312 687 4356 nos
706 4290 749 4356 ob
769 4292 939 4356 consilinm
963 4312 1027 4375 quo
1051 4290 1161 4375 prodit
1179 4289 1320 4375 Oedipus
1340 4310 1356 4352 e
1377 4292 1463 4355 tecto
1483 4294 1585 4353 terree

354 4400 460 4464 solum
488 4398 669 4485 intelligere
696 4399 855 4463 malumus
883 4418 948 4462 non
972 4398 1135 4463 obtectum
1164 4398 1312 4483 frugibus
1335 4400 1391 4463 sut
1418 4396 1587 4479 fruticetis,
1601 4418 1627 4457 ιο

354 4528 420 4592 quc
442 4506 546 4591 magis
569 4506 696 4590 pulsate
719 4506 862 4569 sonitum
884 4505 965 4570 edet.
999 4503 1112 4589 Itaque
1131 4503 1268 4570 Statiani
1292 4526 1401 4570 versus
1420 4526 1498 4569 usus
1522 4525 1585 4599 non

356 4616 406 4679 est
429 4614 463 4677 in
486 4612 677 4698 explicando
695 4612 793 4677 verbo
812 4611 962 4677 Plautino
986 4634 1090 4697 neque
1113 4613 1147 4676 in
1162 4635 1199 4677 ee
1217 4634 1251 4677 re
1270 4610 1431 4678 Schoellio
1455 4616 1511 4677 sut
1532 4614 1588 4696 qui

354 4719 446 4785 illurn
464 4719 610 4805 sequitur
627 4718 729 4784 Leoni
747 4718 986 4783 assentiendum
1006 4724 1063 4785 est.
1100 4717 1163 4784 Sed
1181 4718 1373 4803 Gronovius,
1394 4724 1587 4803 quemquem

355 4824 451 4891 Stetii
470 4846 599 4891 versum
616 4848 715 4911 preve
732 4827 962 4909 interpretetus
981 4830 1040 4910 est,
1058 4826 1097 4890 de
1115 4826 1178 4891 solo
1197 4848 1277 4911 quse
1297 4827 1447 4910 exposuit
1465 4826 1588 4891 multis-

356 4954 419 5017 qne
441 4935 599 5018 exemplis
620 4932 779 5018 probavit,
801 4954 876 4997 vere
894 4954 964 4997 esse
983 4934 1216 4999 existimemus:
1239 4934 1347 5017 qualis
1365 4938 1449 5017 sunt,
1472 4936 1508 4996 ut
1526 4932 1588 4997 hoc

356 5061 397 5103 ex
419 5040 488 5105 eius
511 5041 614 5125 copiis
637 5040 818 5120 ederemus,
842 5038 882 5103 ed
905 5038 985 5105 hoec
1003 5038 1140 5125 Vergilii
1163 5038 1257 5127 (Aen.
1277 5057 1325 5103 vn
1347 5039 1410 5104 109
1421 5036 1506 5125 sqq.)

491 5148 724 5229 Indituuolpue
745 5148 840 5229 dapes
861 5152 891 5211 et
912 5148 1029 5212 adorea
1052 5147 1116 5212 lita
1132 5166 1194 5229 per
1215 5146 1340 5211 tertam

492 5254 658 5319 Selicium
679 5254 779 5336 epulis

405 5361 466 5425 111
491 5360 538 5426 Et
561 5360 685 5427 Cereale
706 5362 823 5427 solum
840 5361 947 5443 pomo
970 5360 1142 5443 spreslitoc
1164 5366 1276 5442 anyer
