<?xml version="1.0" encoding="UTF-8"?>
<!DOCTYPE html PUBLIC "-//W3C//DTD XHTML 1.0 Transitional//EN"
    "http://www.w3.org/TR/xhtml1/DTD/xhtml1-transitional.dtd">
<html xmlns="http://www.w3.org/1999/xhtml" xml:lang="en" lang="en">
 <head>
  <title>
</title>
<meta http-equiv="Content-Type" content="text/html;charset=utf-8" />
  <meta name='ocr-system' content='tesseract 3.04.00' />
  <meta name='ocr-capabilities' content='ocr_page ocr_carea ocr_par ocr_line ocrx_word'/>
</head>
<body>
  <div class='ocr_page' id='page_1' title='image "./iohannisvahleni01vahlgoog/iohannisvahleni01vahlgoog_0276.png"; bbox 0 0 3925 6675; ppageno 0'>
   <div class='ocr_carea' id='block_1_1' title="bbox 410 1109 1469 1183">
    <p class='ocr_par' dir='ltr' id='par_1_1' title="bbox 410 1109 1469 1183">
     <span class='ocr_line' id='line_1_1' title="bbox 410 1109 1469 1183; baseline 0.002 -18"><span class='ocrx_word' id='word_1_1' title='bbox 410 1109 476 1175; x_wconf 79' lang='grc'><strong><em>268</em></strong></span> <span class='ocrx_word' id='word_1_2' title='bbox 593 1113 690 1164; x_wconf 83' lang='lat' dir='ltr'>XLVI.</span> <span class='ocrx_word' id='word_1_3' title='bbox 709 1114 825 1164; x_wconf 81' lang='lat' dir='ltr'>INDEX</span> <span class='ocrx_word' id='word_1_4' title='bbox 847 1113 1061 1165; x_wconf 68' lang='lat' dir='ltr'><strong>Lemonum</strong></span> <span class='ocrx_word' id='word_1_5' title='bbox 1078 1114 1319 1165; x_wconf 78' lang='lat' dir='ltr'><strong>HIBERNARUM</strong></span> <span class='ocrx_word' id='word_1_6' title='bbox 1338 1112 1469 1183; x_wconf 73' lang='lat' dir='ltr'><strong><em>189⁷s08.</em></strong></span> 
     </span>
    </p>
   </div>
   <div class='ocr_carea' id='block_1_2' title="bbox 368 1273 1697 5211">
    <p class='ocr_par' dir='ltr' id='par_1_2' title="bbox 368 1273 1697 5211">
     <span class='ocr_line' id='line_1_2' title="bbox 409 1273 1641 1361; baseline 0.002 -23"><span class='ocrx_word' id='word_1_7' title='bbox 409 1273 586 1339; x_wconf 84' lang='lat' dir='ltr'><strong>sistendum</strong></span> <span class='ocrx_word' id='word_1_8' title='bbox 609 1278 668 1357; x_wconf 74' lang='lat' dir='ltr'><strong>est,</strong></span> <span class='ocrx_word' id='word_1_9' title='bbox 691 1274 746 1338; x_wconf 89' lang='lat' dir='ltr'><strong><em>sed</em></strong></span> <span class='ocrx_word' id='word_1_10' title='bbox 769 1278 807 1338; x_wconf 89' lang='lat' dir='ltr'><strong><em>ut</em></strong></span> <span class='ocrx_word' id='word_1_11' title='bbox 827 1278 914 1339; x_wconf 84' lang='lat' dir='ltr'><strong>reete</strong></span> <span class='ocrx_word' id='word_1_12' title='bbox 936 1273 1096 1340; x_wconf 79' lang='lat' dir='ltr'><strong>iudicetur</strong></span> <span class='ocrx_word' id='word_1_13' title='bbox 1114 1279 1146 1341; x_wconf 89' lang='lat' dir='ltr'><strong>et</strong></span> <span class='ocrx_word' id='word_1_14' title='bbox 1164 1276 1293 1360; x_wconf 89' lang='lat' dir='ltr'><strong>penitus</strong></span> <span class='ocrx_word' id='word_1_15' title='bbox 1311 1276 1526 1361; x_wconf 77' lang='lat' dir='ltr'><strong>perspiciatur</strong></span> <span class='ocrx_word' id='word_1_16' title='bbox 1545 1298 1641 1361; x_wconf 89' lang='lat' dir='ltr'><strong>quam</strong></span> 
     </span>
     <span class='ocr_line' id='line_1_3' title="bbox 408 1380 1642 1468; baseline 0.003 -23"><span class='ocrx_word' id='word_1_17' title='bbox 408 1380 560 1465; x_wconf 81' lang='lat' dir='ltr'><strong>proclivis</strong></span> <span class='ocrx_word' id='word_1_18' title='bbox 579 1382 641 1446; x_wconf 84' lang='lat' dir='ltr'><strong>iste</strong></span> <span class='ocrx_word' id='word_1_19' title='bbox 659 1381 814 1446; x_wconf 70' lang='lat' dir='ltr'><strong>transitus</strong></span> <span class='ocrx_word' id='word_1_20' title='bbox 833 1382 866 1445; x_wconf 91' lang='lat' dir='ltr'><strong><em>in</em></strong></span> <span class='ocrx_word' id='word_1_21' title='bbox 885 1403 1069 1447; x_wconf 82' lang='lat' dir='ltr'>sermonum</span> <span class='ocrx_word' id='word_1_22' title='bbox 1088 1381 1214 1448; x_wconf 79' lang='lat' dir='ltr'><strong>vioibus</strong></span> <span class='ocrx_word' id='word_1_23' title='bbox 1234 1384 1338 1467; x_wconf 82' lang='lat' dir='ltr'><strong>fuerit,</strong></span> <span class='ocrx_word' id='word_1_24' title='bbox 1357 1384 1495 1449; x_wconf 82' lang='lat' dir='ltr'><strong>notulis</strong></span> <span class='ocrx_word' id='word_1_25' title='bbox 1513 1382 1642 1468; x_wconf 90' lang='lat' dir='ltr'><strong>quidem</strong></span> 
     </span>
     <span class='ocr_line' id='line_1_4' title="bbox 409 1486 1643 1575; baseline 0.003 -23"><span class='ocrx_word' id='word_1_26' title='bbox 409 1488 602 1575; x_wconf 83' lang='lat' dir='ltr'><strong>negligenda</strong></span> <span class='ocrx_word' id='word_1_27' title='bbox 624 1492 701 1553; x_wconf 91' lang='lat' dir='ltr'><strong>sunt</strong></span> <span class='ocrx_word' id='word_1_28' title='bbox 723 1488 832 1573; x_wconf 85' lang='lat' dir='ltr'><strong>qualia</strong></span> <span class='ocrx_word' id='word_1_29' title='bbox 850 1486 993 1573; x_wconf 83' lang='lat' dir='ltr'>Oedipus</span> <span class='ocrx_word' id='word_1_30' title='bbox 1016 1490 1115 1555; x_wconf 78' lang='lat' dir='ltr'><strong>iactat</strong></span> <span class='ocrx_word' id='word_1_31' title='bbox 1138 1490 1172 1554; x_wconf 92' lang='lat' dir='ltr'><strong><em>in</em></strong></span> <span class='ocrx_word' id='word_1_32' title='bbox 1191 1489 1355 1575; x_wconf 76' lang='lat' dir='ltr'><strong>Tiresiam,</strong></span> <span class='ocrx_word' id='word_1_33' title='bbox 1378 1512 1450 1555; x_wconf 87' lang='lat' dir='ltr'><strong>eum</strong></span> <span class='ocrx_word' id='word_1_34' title='bbox 1473 1491 1579 1575; x_wconf 89' lang='lat' dir='ltr'><strong>primo</strong></span> <span class='ocrx_word' id='word_1_35' title='bbox 1603 1489 1643 1556; x_wconf 91' lang='lat' dir='ltr'><strong>de</strong></span> 
     </span>
     <span class='ocr_line' id='line_1_5' title="bbox 407 1594 1642 1683; baseline 0.002 -22"><span class='ocrx_word' id='word_1_36' title='bbox 407 1595 569 1680; x_wconf 72' lang='lat' dir='ltr'><strong>praesenti</strong></span> <span class='ocrx_word' id='word_1_37' title='bbox 587 1600 752 1679; x_wconf 87' lang='lat' dir='ltr'><strong>tamquam</strong></span> <span class='ocrx_word' id='word_1_38' title='bbox 772 1594 897 1661; x_wconf 76' lang='lat' dir='ltr'><strong>absenti</strong></span> <span class='ocrx_word' id='word_1_39' title='bbox 910 1596 1065 1680; x_wconf 87' lang='lat' dir='ltr'><strong>loquitur,</strong></span> <span class='ocrx_word' id='word_1_40' title='bbox 1083 1596 1157 1661; x_wconf 90' lang='lat' dir='ltr'><strong>dein</strong></span> <span class='ocrx_word' id='word_1_41' title='bbox 1171 1597 1278 1662; x_wconf 89' lang='lat' dir='ltr'><strong>subito</strong></span> <span class='ocrx_word' id='word_1_42' title='bbox 1293 1597 1327 1660; x_wconf 92' lang='lat' dir='ltr'><strong><em>in</em></strong></span> <span class='ocrx_word' id='word_1_43' title='bbox 1341 1598 1449 1683; x_wconf 90' lang='lat' dir='ltr'><strong>ipsum</strong></span> <span class='ocrx_word' id='word_1_44' title='bbox 1463 1598 1642 1663; x_wconf 88' lang='lat' dir='ltr'><strong>orationem</strong></span> 
     </span>
     <span class='ocr_line' id='line_1_6' title="bbox 407 1700 627 1790; baseline -0.009 -22"><span class='ocrx_word' id='word_1_45' title='bbox 407 1703 510 1768; x_wconf 84' lang='lat' dir='ltr'><strong>fleetn&#39;t</strong></span> <span class='ocrx_word' id='word_1_46' title='bbox 532 1700 627 1790; x_wconf 81' lang='lat'><strong>(383)</strong></span> 
     </span>
     <span class='ocr_line' id='line_1_7' title="bbox 569 1808 903 1894; baseline 0 -20"><span class='ocrx_word' id='word_1_47' title='bbox 569 1812 598 1875; x_wconf 86' lang='grc' dir='ltr'><strong><em>εί</em></strong></span> <span class='ocrx_word' id='word_1_48' title='bbox 621 1808 723 1894; x_wconf 74' lang='grc' dir='ltr'><strong><em>τῆσδέ</em></strong></span> <span class='ocrx_word' id='word_1_49' title='bbox 743 1808 773 1893; x_wconf 80' lang='lat' dir='ltr'><strong><em>y&#39;</em></strong></span> <span class='ocrx_word' id='word_1_50' title='bbox 801 1809 903 1894; x_wconf 82' lang='grc' dir='ltr'><strong><em>ἀρχῆς</em></strong></span> 
     </span>
     <span class='ocr_line' id='line_1_8' title="bbox 680 1915 1338 2003; baseline 0.005 -23"><span class='ocrx_word' id='word_1_51' title='bbox 680 1915 800 1999; x_wconf 83' lang='grc' dir='ltr'><strong><em>Κρέων</em></strong></span> <span class='ocrx_word' id='word_1_52' title='bbox 822 1916 840 1982; x_wconf 87' lang='grc' dir='ltr'>ὁ</span> <span class='ocrx_word' id='word_1_53' title='bbox 864 1921 995 2001; x_wconf 88' lang='grc' dir='ltr'><strong><em>πιστός,</em></strong></span> <span class='ocrx_word' id='word_1_54' title='bbox 1018 1918 1077 1997; x_wconf 81' lang='grc' dir='ltr'><strong><em>οὑξ</em></strong></span> <span class='ocrx_word' id='word_1_55' title='bbox 1101 1918 1201 2003; x_wconf 77' lang='grc' dir='ltr'><strong><em>ἀρχῆς</em></strong></span> <span class='ocrx_word' id='word_1_56' title='bbox 1225 1922 1338 2003; x_wconf 90' lang='grc' dir='ltr'><strong><em>φίλος,</em></strong></span> 
     </span>
     <span class='ocr_line' id='line_1_9' title="bbox 569 2022 1296 2111; baseline 0.004 -23"><span class='ocrx_word' id='word_1_57' title='bbox 569 2025 681 2108; x_wconf 89' lang='grc' dir='ltr'><strong><em>λάθρα</em></strong></span> <span class='ocrx_word' id='word_1_58' title='bbox 703 2022 735 2107; x_wconf 90' lang='grc' dir='ltr'><strong><em>μ’</em></strong></span> <span class='ocrx_word' id='word_1_59' title='bbox 763 2024 923 2089; x_wconf 84' lang='grc' dir='ltr'><strong><em>ὑπελθὼν</em></strong></span> <span class='ocrx_word' id='word_1_60' title='bbox 945 2024 1099 2107; x_wconf 78' lang='grc' dir='ltr'><strong><em>ἐκβαλεῖν</em></strong></span> <span class='ocrx_word' id='word_1_61' title='bbox 1123 2026 1296 2111; x_wconf 73' lang='grc' dir='ltr'><strong><em>ἱμείρεται,</em></strong></span> 
     </span>
     <span class='ocr_line' id='line_1_10' title="bbox 569 2130 1296 2217; baseline 0.003 -22"><span class='ocrx_word' id='word_1_62' title='bbox 569 2131 666 2214; x_wconf 84' lang='grc' dir='ltr'><strong><em>ὑφείς</em></strong></span> <span class='ocrx_word' id='word_1_63' title='bbox 687 2130 815 2214; x_wconf 80' lang='grc' dir='ltr'><em>μάγον</em></span> <span class='ocrx_word' id='word_1_64' title='bbox 837 2132 997 2196; x_wconf 87' lang='grc' dir='ltr'><strong><em>τοιόνδε</em></strong></span> <span class='ocrx_word' id='word_1_65' title='bbox 1019 2134 1296 2217; x_wconf 87' lang='grc' dir='ltr'><strong><em>μηχανορράφον,</em></strong></span> 
     </span>
     <span class='ocr_line' id='line_1_11' title="bbox 369 2236 1318 2323; baseline 0.001 -20"><span class='ocrx_word' id='word_1_66' title='bbox 369 2268 395 2312; x_wconf 70' lang='lat'><strong><em>10</em></strong></span> <span class='ocrx_word' id='word_1_67' title='bbox 570 2239 687 2303; x_wconf 92' lang='grc' dir='ltr'><strong><em>δόλιον</em></strong></span> <span class='ocrx_word' id='word_1_68' title='bbox 710 2236 874 2321; x_wconf 83' lang='grc' dir='ltr'><strong><em>ἀγύρτην,</em></strong></span> <span class='ocrx_word' id='word_1_69' title='bbox 897 2237 989 2314; x_wconf 81' lang='grc' dir='ltr'><strong><em>ὅστις</em></strong></span> <span class='ocrx_word' id='word_1_70' title='bbox 1012 2237 1050 2303; x_wconf 91' lang='grc' dir='ltr'><strong><em>έν</em></strong></span> <span class='ocrx_word' id='word_1_71' title='bbox 1072 2250 1142 2315; x_wconf 79' lang='grc' dir='ltr'><strong><em>τοῖς</em></strong></span> <span class='ocrx_word' id='word_1_72' title='bbox 1164 2238 1318 2323; x_wconf 76' lang='grc' dir='ltr'><strong><em>κέρδεσιν</em></strong></span> 
     </span>
     <span class='ocr_line' id='line_1_12' title="bbox 567 2341 1385 2431; baseline 0.005 -22"><span class='ocrx_word' id='word_1_73' title='bbox 567 2347 673 2427; x_wconf 91' lang='grc' dir='ltr'><strong><em>μόνον</em></strong></span> <span class='ocrx_word' id='word_1_74' title='bbox 696 2344 848 2428; x_wconf 91' lang='grc' dir='ltr'><strong><em>δέδορκε,</em></strong></span> <span class='ocrx_word' id='word_1_75' title='bbox 871 2345 933 2428; x_wconf 74' lang='grc' dir='ltr'><strong><em>τὴν</em></strong></span> <span class='ocrx_word' id='word_1_76' title='bbox 955 2342 1075 2429; x_wconf 87' lang='grc' dir='ltr'><strong><em>τέχνην</em></strong></span> <span class='ocrx_word' id='word_1_77' title='bbox 1098 2344 1129 2410; x_wconf 85' lang='grc' dir='ltr'><strong><em>δ’</em></strong></span> <span class='ocrx_word' id='word_1_78' title='bbox 1155 2341 1222 2430; x_wconf 81' lang='grc' dir='ltr'><strong><em>ἔφυ</em></strong></span> <span class='ocrx_word' id='word_1_79' title='bbox 1246 2349 1385 2431; x_wconf 87' lang='grc' dir='ltr'><strong><em>τυφλός·</em></strong></span> 
     </span>
     <span class='ocr_line' id='line_1_13' title="bbox 568 2444 1392 2537; baseline 0 -20"><span class='ocrx_word' id='word_1_80' title='bbox 568 2452 653 2533; x_wconf 84' lang='grc' dir='ltr'><strong><em>έπεί,</em></strong></span> <span class='ocrx_word' id='word_1_81' title='bbox 676 2447 759 2535; x_wconf 88' lang='grc' dir='ltr'><strong><em>φέρ’</em></strong></span> <span class='ocrx_word' id='word_1_82' title='bbox 787 2450 887 2530; x_wconf 87' lang='grc' dir='ltr'><strong><em>είπέ,</em></strong></span> <span class='ocrx_word' id='word_1_83' title='bbox 909 2459 975 2515; x_wconf 89' lang='grc' dir='ltr'><strong><em>ποῦ</em></strong></span> <span class='ocrx_word' id='word_1_84' title='bbox 1000 2452 1047 2515; x_wconf 79' lang='grc' dir='ltr'><strong><em>σὺ</em></strong></span> <span class='ocrx_word' id='word_1_85' title='bbox 1070 2451 1188 2535; x_wconf 87' lang='grc' dir='ltr'><strong><em>μάντις</em></strong></span> <span class='ocrx_word' id='word_1_86' title='bbox 1211 2444 1248 2517; x_wconf 81' lang='grc' dir='ltr'><strong><em>εί</em></strong></span> <span class='ocrx_word' id='word_1_87' title='bbox 1269 2455 1392 2537; x_wconf 73' lang='grc' dir='ltr'><strong><em>σαφήςς</em></strong></span> 
     </span>
     <span class='ocr_line' id='line_1_14' title="bbox 407 2557 1642 2645; baseline -0.002 -20"><span class='ocrx_word' id='word_1_88' title='bbox 407 2560 453 2626; x_wconf 78' lang='lat' dir='ltr'><strong><em>Et</em></strong></span> <span class='ocrx_word' id='word_1_89' title='bbox 483 2559 561 2624; x_wconf 84' lang='lat' dir='ltr'><strong>haec</strong></span> <span class='ocrx_word' id='word_1_90' title='bbox 592 2560 626 2623; x_wconf 92' lang='lat' dir='ltr'><strong><em>in</em></strong></span> <span class='ocrx_word' id='word_1_91' title='bbox 652 2557 878 2645; x_wconf 83' lang='lat' dir='ltr'><strong>progrediente</strong></span> <span class='ocrx_word' id='word_1_92' title='bbox 905 2557 1064 2623; x_wconf 87' lang='lat' dir='ltr'><strong>oratione:</strong></span> <span class='ocrx_word' id='word_1_93' title='bbox 1097 2558 1174 2642; x_wconf 88' lang='lat' dir='ltr'><strong>quid</strong></span> <span class='ocrx_word' id='word_1_94' title='bbox 1202 2559 1288 2643; x_wconf 90' lang='lat' dir='ltr'><strong>quod</strong></span> <span class='ocrx_word' id='word_1_95' title='bbox 1317 2560 1351 2623; x_wconf 95' lang='lat' dir='ltr'><strong><em>in</em></strong></span> <span class='ocrx_word' id='word_1_96' title='bbox 1377 2580 1443 2623; x_wconf 88' lang='lat' dir='ltr'><strong>una</strong></span> <span class='ocrx_word' id='word_1_97' title='bbox 1470 2557 1642 2643; x_wconf 87' lang='lat' dir='ltr'><strong>eademqne</strong></span> 
     </span>
     <span class='ocr_line' id='line_1_15' title="bbox 408 2663 1642 2751; baseline -0.001 -20"><span class='ocrx_word' id='word_1_98' title='bbox 408 2667 568 2733; x_wconf 87' lang='lat' dir='ltr'><strong>sententia</strong></span> <span class='ocrx_word' id='word_1_99' title='bbox 584 2665 721 2750; x_wconf 90' lang='lat' dir='ltr'><strong>loquens</strong></span> <span class='ocrx_word' id='word_1_100' title='bbox 739 2688 759 2729; x_wconf 88' lang='lat' dir='ltr'><strong>a</strong></span> <span class='ocrx_word' id='word_1_101' title='bbox 776 2664 873 2730; x_wconf 87' lang='lat' dir='ltr'><strong>tertia</strong></span> <span class='ocrx_word' id='word_1_102' title='bbox 886 2664 927 2728; x_wconf 87' lang='lat' dir='ltr'><strong>ad</strong></span> <span class='ocrx_word' id='word_1_103' title='bbox 940 2663 1112 2729; x_wconf 82' lang='lat' dir='ltr'><strong>seeundum</strong></span> <span class='ocrx_word' id='word_1_104' title='bbox 1128 2686 1161 2729; x_wconf 92' lang='lat' dir='ltr'><strong><em>se</em></strong></span> <span class='ocrx_word' id='word_1_105' title='bbox 1175 2670 1342 2731; x_wconf 76' lang='lat' dir='ltr'><strong>convertat</strong></span> <span class='ocrx_word' id='word_1_106' title='bbox 1354 2686 1533 2751; x_wconf 87' lang='lat' dir='ltr'><strong>personam,</strong></span> <span class='ocrx_word' id='word_1_107' title='bbox 1553 2664 1642 2731; x_wconf 83' lang='lat' dir='ltr'><strong>velut</strong></span> 
     </span>
     <span class='ocr_line' id='line_1_16' title="bbox 408 2771 754 2840; baseline -0.012 0"><span class='ocrx_word' id='word_1_108' title='bbox 408 2772 553 2840; x_wconf 82' lang='lat' dir='ltr'><strong>Achilles</strong></span> <span class='ocrx_word' id='word_1_109' title='bbox 576 2771 754 2837; x_wconf 84' lang='lat' dir='ltr'>11.1x418</span> 
     </span>
     <span class='ocr_line' id='line_1_17' title="bbox 568 2876 1478 2964; baseline -0.001 -19"><span class='ocrx_word' id='word_1_110' title='bbox 568 2881 622 2945; x_wconf 86' lang='grc' dir='ltr'><strong><em>καλ</em></strong></span> <span class='ocrx_word' id='word_1_111' title='bbox 646 2877 675 2944; x_wconf 74' lang='grc' dir='ltr'><strong><em>δ’</em></strong></span> <span class='ocrx_word' id='word_1_112' title='bbox 703 2878 746 2944; x_wconf 86' lang='grc' dir='ltr'><strong><em>ἀν</em></strong></span> <span class='ocrx_word' id='word_1_113' title='bbox 769 2890 852 2955; x_wconf 80' lang='grc' dir='ltr'><strong><em>τοῖς</em></strong></span> <span class='ocrx_word' id='word_1_114' title='bbox 875 2880 1060 2945; x_wconf 89' lang='grc' dir='ltr'><strong><em>ἀλλοισιν</em></strong></span> <span class='ocrx_word' id='word_1_115' title='bbox 1083 2876 1147 2962; x_wconf 77' lang='grc' dir='ltr'><strong><em>ἐγὼ</em></strong></span> <span class='ocrx_word' id='word_1_116' title='bbox 1169 2881 1478 2964; x_wconf 76' lang='grc' dir='ltr'><strong><em>παραμυθησαίμην</em></strong></span> 
     </span>
     <span class='ocr_line' id='line_1_18' title="bbox 568 2984 1427 3072; baseline -0.001 -20"><span class='ocrx_word' id='word_1_117' title='bbox 568 2984 674 3052; x_wconf 79' lang='grc' dir='ltr'><strong><em>οἴκαδ’</em></strong></span> <span class='ocrx_word' id='word_1_118' title='bbox 702 2986 910 3068; x_wconf 85' lang='grc' dir='ltr'><strong><em>ἀποπλείειν,</em></strong></span> <span class='ocrx_word' id='word_1_119' title='bbox 934 2984 1006 3052; x_wconf 75' lang='grc' dir='ltr'><strong><em>ἐπεὶ</em></strong></span> <span class='ocrx_word' id='word_1_120' title='bbox 1029 2985 1139 3052; x_wconf 86' lang='grc' dir='ltr'><strong><em>οὐκέτι</em></strong></span> <span class='ocrx_word' id='word_1_121' title='bbox 1163 2987 1276 3071; x_wconf 82' lang='grc' dir='ltr'><strong><em>δήετε</em></strong></span> <span class='ocrx_word' id='word_1_122' title='bbox 1299 2986 1427 3072; x_wconf 85' lang='grc' dir='ltr'><strong><em>τέκμωρ</em></strong></span> 
     </span>
     <span class='ocr_line' id='line_1_19' title="bbox 576 3094 847 3176; baseline -0.007 -17"><span class='ocrx_word' id='word_1_123' title='bbox 576 3094 672 3159; x_wconf 77' lang='grc' dir='ltr'><strong><em>Ἰλίου</em></strong></span> <span class='ocrx_word' id='word_1_124' title='bbox 694 3095 847 3176; x_wconf 77' lang='grc' dir='ltr'><strong><em>αἰπεινῆς</em></strong></span> 
     </span>
     <span class='ocr_line' id='line_1_20' title="bbox 409 3200 691 3269; baseline -0.018 0"><span class='ocrx_word' id='word_1_125' title='bbox 409 3209 443 3269; x_wconf 83' lang='lat' dir='ltr'><strong>et</strong></span> <span class='ocrx_word' id='word_1_126' title='bbox 463 3200 500 3268; x_wconf 93' lang='lat' dir='ltr'><strong><em>Il.</em></strong></span> <span class='ocrx_word' id='word_1_127' title='bbox 519 3220 607 3266; x_wconf 80' lang='lat' dir='ltr'><strong><em>xxm</em></strong></span> <span class='ocrx_word' id='word_1_128' title='bbox 626 3200 691 3265; x_wconf 83' lang='lat'><strong><em>208</em></strong></span> 
     </span>
     <span class='ocr_line' id='line_1_21' title="bbox 368 3302 1445 3394; baseline 0 -20"><span class='ocrx_word' id='word_1_129' title='bbox 368 3344 395 3384; x_wconf 64' lang='grc' dir='ltr'><strong><em>,ο</em></strong></span> <span class='ocrx_word' id='word_1_130' title='bbox 570 3308 641 3374; x_wconf 85' lang='grc' dir='ltr'><strong><em>ἀλλ’</em></strong></span> <span class='ocrx_word' id='word_1_131' title='bbox 663 3306 812 3392; x_wconf 86' lang='grc' dir='ltr'><strong><em>Ἀχιλεὺς</em></strong></span> <span class='ocrx_word' id='word_1_132' title='bbox 835 3305 966 3391; x_wconf 84' lang='grc' dir='ltr'><strong><em>Βορέην</em></strong></span> <span class='ocrx_word' id='word_1_133' title='bbox 988 3302 1048 3392; x_wconf 74' lang='grc' dir='ltr'><strong><em>ἠδὲ</em></strong></span> <span class='ocrx_word' id='word_1_134' title='bbox 1071 3304 1229 3394; x_wconf 86' lang='grc' dir='ltr'><strong><em>Ζέφυρον</em></strong></span> <span class='ocrx_word' id='word_1_135' title='bbox 1251 3308 1445 3374; x_wconf 80' lang='grc' dir='ltr'><strong><em>κελαδεινὸν</em></strong></span> 
     </span>
     <span class='ocr_line' id='line_1_22' title="bbox 569 3413 1331 3500; baseline -0.001 -19"><span class='ocrx_word' id='word_1_136' title='bbox 569 3417 682 3482; x_wconf 86' lang='grc' dir='ltr'><strong><em>έλθελν</em></strong></span> <span class='ocrx_word' id='word_1_137' title='bbox 705 3414 838 3499; x_wconf 81' lang='grc' dir='ltr'><strong><em>ἀρᾶται,</em></strong></span> <span class='ocrx_word' id='word_1_138' title='bbox 861 3413 916 3480; x_wconf 85' lang='grc' dir='ltr'><strong><em>καί</em></strong></span> <span class='ocrx_word' id='word_1_139' title='bbox 939 3415 1113 3499; x_wconf 77' lang='grc' dir='ltr'><strong><em>ὑπίσχεται</em></strong></span> <span class='ocrx_word' id='word_1_140' title='bbox 1137 3416 1209 3500; x_wconf 85' lang='grc' dir='ltr'><strong><em>ίερά</em></strong></span> <span class='ocrx_word' id='word_1_141' title='bbox 1232 3417 1331 3496; x_wconf 81' lang='grc' dir='ltr'><strong><em>καλά,</em></strong></span> 
     </span>
     <span class='ocr_line' id='line_1_23' title="bbox 569 3513 1402 3608; baseline 0.001 -21"><span class='ocrx_word' id='word_1_142' title='bbox 569 3525 658 3608; x_wconf 81' lang='grc' dir='ltr'><strong><em>ὄφρα</em></strong></span> <span class='ocrx_word' id='word_1_143' title='bbox 680 3523 792 3605; x_wconf 73' lang='grc' dir='ltr'><strong><em>πυρὴν</em></strong></span> <span class='ocrx_word' id='word_1_144' title='bbox 815 3523 957 3606; x_wconf 81' lang='grc' dir='ltr'><strong><em>ὄρσητε</em></strong></span> <span class='ocrx_word' id='word_1_145' title='bbox 980 3523 1155 3605; x_wconf 83' lang='grc' dir='ltr'><strong><em>καήμεναι,</em></strong></span> <span class='ocrx_word' id='word_1_146' title='bbox 1179 3513 1200 3606; x_wconf 73' lang='grc' dir='ltr'><strong><em>ᾗ</em></strong></span> <span class='ocrx_word' id='word_1_147' title='bbox 1222 3519 1274 3588; x_wconf 83' lang='grc' dir='ltr'><strong><em>ἔνι</em></strong></span> <span class='ocrx_word' id='word_1_148' title='bbox 1297 3533 1402 3588; x_wconf 80' lang='grc' dir='ltr'><strong><em>κεῖται</em></strong></span> 
     </span>
     <span class='ocr_line' id='line_1_24' title="bbox 570 3631 772 3714; baseline -0.005 -20"><span class='ocrx_word' id='word_1_149' title='bbox 570 3631 772 3714; x_wconf 78' lang='grc' dir='ltr'><strong><em>Πάτροκλος.</em></strong></span> 
     </span>
     <span class='ocr_line' id='line_1_25' title="bbox 410 3735 1642 3824; baseline -0.002 -21"><span class='ocrx_word' id='word_1_150' title='bbox 410 3737 498 3815; x_wconf 88' lang='lat' dir='ltr'><strong>Quae</strong></span> <span class='ocrx_word' id='word_1_151' title='bbox 517 3739 573 3822; x_wconf 89' lang='lat' dir='ltr'><strong><em>qui</em></strong></span> <span class='ocrx_word' id='word_1_152' title='bbox 591 3740 678 3801; x_wconf 85' lang='lat' dir='ltr'><strong>reete</strong></span> <span class='ocrx_word' id='word_1_153' title='bbox 696 3739 730 3801; x_wconf 88' lang='lat' dir='ltr'><strong>et</strong></span> <span class='ocrx_word' id='word_1_154' title='bbox 746 3740 784 3800; x_wconf 89' lang='lat' dir='ltr'><strong><em>ut</em></strong></span> <span class='ocrx_word' id='word_1_155' title='bbox 803 3738 932 3820; x_wconf 90' lang='lat' dir='ltr'><strong>oportet</strong></span> <span class='ocrx_word' id='word_1_156' title='bbox 944 3736 1113 3821; x_wconf 85' lang='lat' dir='ltr'><strong>taxaverit,</strong></span> <span class='ocrx_word' id='word_1_157' title='bbox 1134 3735 1269 3821; x_wconf 66' lang='lat' dir='ltr'><strong>oavebit</strong></span> <span class='ocrx_word' id='word_1_158' title='bbox 1289 3737 1469 3824; x_wconf 86' lang='lat' dir='ltr'><strong>opinamur,</strong></span> <span class='ocrx_word' id='word_1_159' title='bbox 1483 3740 1517 3804; x_wconf 93' lang='lat' dir='ltr'><strong><em>in</em></strong></span> <span class='ocrx_word' id='word_1_160' title='bbox 1532 3759 1642 3802; x_wconf 87' lang='lat' dir='ltr'><strong>eorum</strong></span> 
     </span>
     <span class='ocr_line' id='line_1_26' title="bbox 409 3839 1641 3932; baseline -0.001 -22"><span class='ocrx_word' id='word_1_161' title='bbox 409 3844 600 3910; x_wconf 78' lang='lat' dir='ltr'><strong>sententiam</strong></span> <span class='ocrx_word' id='word_1_162' title='bbox 628 3843 765 3928; x_wconf 86' lang='lat' dir='ltr'><strong>pedibus</strong></span> <span class='ocrx_word' id='word_1_163' title='bbox 791 3843 839 3907; x_wconf 88' lang='lat' dir='ltr'><strong><em>ire</em></strong></span> <span class='ocrx_word' id='word_1_164' title='bbox 867 3842 924 3926; x_wconf 91' lang='lat' dir='ltr'><strong><em>qui</em></strong></span> <span class='ocrx_word' id='word_1_165' title='bbox 951 3845 1008 3907; x_wconf 85' lang='lat' dir='ltr'><strong>aut</strong></span> <span class='ocrx_word' id='word_1_166' title='bbox 1033 3842 1067 3906; x_wconf 94' lang='lat' dir='ltr'><strong><em>in</em></strong></span> <span class='ocrx_word' id='word_1_167' title='bbox 1090 3839 1319 3928; x_wconf 85' lang='lat' dir='ltr'><strong>Aristophanis</strong></span> <span class='ocrx_word' id='word_1_168' title='bbox 1342 3843 1523 3929; x_wconf 82' lang='lat' dir='ltr'><strong>Lysistrata</strong></span> <span class='ocrx_word' id='word_1_169' title='bbox 1545 3842 1641 3932; x_wconf 84' lang='lat'>(486)</span> 
     </span>
     <span class='ocr_line' id='line_1_27' title="bbox 409 3949 908 4019; baseline -0.01 0"><span class='ocrx_word' id='word_1_170' title='bbox 409 3968 481 4019; x_wconf 86' lang='lat' dir='ltr'><strong><em>oum</em></strong></span> <span class='ocrx_word' id='word_1_171' title='bbox 505 3951 603 4016; x_wconf 88' lang='lat' dir='ltr'><strong>ohoro</strong></span> <span class='ocrx_word' id='word_1_172' title='bbox 628 3972 740 4015; x_wconf 90' lang='lat' dir='ltr'><strong>senum</strong></span> <span class='ocrx_word' id='word_1_173' title='bbox 763 3949 908 4015; x_wconf 80' lang='lat' dir='ltr'><strong>hortanti</strong></span> 
     </span>
     <span class='ocr_line' id='line_1_28' title="bbox 453 4054 1587 4142; baseline 0 -18"><span class='ocrx_word' id='word_1_174' title='bbox 453 4056 526 4125; x_wconf 85' lang='grc' dir='ltr'><strong><em>ἀλλ’</em></strong></span> <span class='ocrx_word' id='word_1_175' title='bbox 552 4057 700 4142; x_wconf 80' lang='grc' dir='ltr'><strong><em>ἀνερώτα</em></strong></span> <span class='ocrx_word' id='word_1_176' title='bbox 723 4055 776 4122; x_wconf 84' lang='grc' dir='ltr'><strong><em>καλ</em></strong></span> <span class='ocrx_word' id='word_1_177' title='bbox 800 4057 845 4141; x_wconf 76' lang='grc' dir='ltr'><strong><em>μὴ</em></strong></span> <span class='ocrx_word' id='word_1_178' title='bbox 867 4057 992 4122; x_wconf 78' lang='grc' dir='ltr'><strong><em>πείθου</em></strong></span> <span class='ocrx_word' id='word_1_179' title='bbox 1016 4054 1071 4122; x_wconf 86' lang='grc' dir='ltr'><strong><em>καλ</em></strong></span> <span class='ocrx_word' id='word_1_180' title='bbox 1093 4059 1261 4142; x_wconf 88' lang='grc' dir='ltr'><strong><em>πρόσφερε</em></strong></span> <span class='ocrx_word' id='word_1_181' title='bbox 1284 4058 1409 4136; x_wconf 80' lang='grc' dir='ltr'><strong><em>πάντας</em></strong></span> <span class='ocrx_word' id='word_1_182' title='bbox 1431 4057 1587 4142; x_wconf 79' lang='grc' dir='ltr'><strong><em>ἐλέγχους</em></strong></span> 
     </span>
     <span class='ocr_line' id='line_1_29' title="bbox 453 4155 1585 4250; baseline 0 -19"><span class='ocrx_word' id='word_1_183' title='bbox 453 4167 499 4244; x_wconf 83' lang='grc' dir='ltr'><strong><em>ὡς</em></strong></span> <span class='ocrx_word' id='word_1_184' title='bbox 521 4165 660 4250; x_wconf 76' lang='grc' dir='ltr'><strong><em>αἰσχρὸν</em></strong></span> <span class='ocrx_word' id='word_1_185' title='bbox 683 4163 921 4229; x_wconf 82' lang='grc' dir='ltr'><strong><em>ἀκωδώνιστον</em></strong></span> <span class='ocrx_word' id='word_1_186' title='bbox 943 4162 1003 4228; x_wconf 80' lang='grc' dir='ltr'><strong><em>ἐᾶν</em></strong></span> <span class='ocrx_word' id='word_1_187' title='bbox 1025 4165 1062 4228; x_wconf 92' lang='grc' dir='ltr'><strong><em>τὸ</em></strong></span> <span class='ocrx_word' id='word_1_188' title='bbox 1086 4172 1241 4229; x_wconf 86' lang='grc' dir='ltr'><strong><em>τοιοῦτον</em></strong></span> <span class='ocrx_word' id='word_1_189' title='bbox 1264 4155 1398 4250; x_wconf 87' lang='grc' dir='ltr'><strong><em>πρᾶγμα</em></strong></span> <span class='ocrx_word' id='word_1_190' title='bbox 1420 4163 1585 4250; x_wconf 86' lang='grc' dir='ltr'><strong><em>μεθέντας</em></strong></span> 
     </span>
     <span class='ocr_line' id='line_1_30' title="bbox 409 4271 804 4358; baseline -0.013 -19"><span class='ocrx_word' id='word_1_191' title='bbox 409 4275 606 4358; x_wconf 76' lang='grc' dir='ltr'><strong><em>Πρόβουλος</em></strong></span> <span class='ocrx_word' id='word_1_192' title='bbox 628 4271 804 4356; x_wconf 90' lang='lat' dir='ltr'><strong>respondet</strong></span> 
     </span>
     <span class='ocr_line' id='line_1_31' title="bbox 369 4374 1611 4462; baseline 0.002 -20"><span class='ocrx_word' id='word_1_193' title='bbox 369 4413 395 4453; x_wconf 64' lang='grc' dir='ltr'><strong><em>,ο</em></strong></span> <span class='ocrx_word' id='word_1_194' title='bbox 453 4378 508 4442; x_wconf 83' lang='grc' dir='ltr'><strong><em>καί</em></strong></span> <span class='ocrx_word' id='word_1_195' title='bbox 530 4379 597 4462; x_wconf 83' lang='grc' dir='ltr'><strong><em>μὴν</em></strong></span> <span class='ocrx_word' id='word_1_196' title='bbox 619 4378 750 4442; x_wconf 85' lang='grc' dir='ltr'><strong><em>αὐτῶν</em></strong></span> <span class='ocrx_word' id='word_1_197' title='bbox 772 4374 862 4442; x_wconf 87' lang='grc' dir='ltr'><strong><em>τοῦτ’</em></strong></span> <span class='ocrx_word' id='word_1_198' title='bbox 889 4375 1043 4460; x_wconf 77' lang='grc' dir='ltr'><strong><em>ἐπιθυμῶ</em></strong></span> <span class='ocrx_word' id='word_1_199' title='bbox 1067 4378 1108 4461; x_wconf 82' lang='grc' dir='ltr'><strong><em>νὴ</em></strong></span> <span class='ocrx_word' id='word_1_200' title='bbox 1132 4379 1192 4443; x_wconf 88' lang='grc' dir='ltr'><strong><em>τὸν</em></strong></span> <span class='ocrx_word' id='word_1_201' title='bbox 1214 4378 1282 4442; x_wconf 84' lang='grc' dir='ltr'><strong><em>Δία</em></strong></span> <span class='ocrx_word' id='word_1_202' title='bbox 1305 4389 1419 4462; x_wconf 83' lang='grc' dir='ltr'><strong><em>πρῶτα</em></strong></span> <span class='ocrx_word' id='word_1_203' title='bbox 1436 4377 1611 4444; x_wconf 89' lang='grc' dir='ltr'><strong><em>πυθέσθαι</em></strong></span> 
     </span>
     <span class='ocr_line' id='line_1_32' title="bbox 455 4480 1643 4570; baseline 0.002 -22"><span class='ocrx_word' id='word_1_204' title='bbox 455 4483 473 4548; x_wconf 87' lang='grc' dir='ltr'><strong>ὅ</strong></span> <span class='ocrx_word' id='word_1_205' title='bbox 496 4509 529 4549; x_wconf 90' lang='grc' dir='ltr'><strong><em>τι</em></strong></span> <span class='ocrx_word' id='word_1_206' title='bbox 550 4486 754 4568; x_wconf 79' lang='grc' dir='ltr'><strong><em>βουλόμεναι</em></strong></span> <span class='ocrx_word' id='word_1_207' title='bbox 776 4484 838 4567; x_wconf 69' lang='grc' dir='ltr'><strong><em>τὴν</em></strong></span> <span class='ocrx_word' id='word_1_208' title='bbox 858 4485 959 4548; x_wconf 87' lang='grc' dir='ltr'><strong><em>πόλιν</em></strong></span> <span class='ocrx_word' id='word_1_209' title='bbox 981 4483 1076 4566; x_wconf 77' lang='grc' dir='ltr'><strong><em>ἡμῶν</em></strong></span> <span class='ocrx_word' id='word_1_210' title='bbox 1099 4480 1341 4570; x_wconf 77' lang='grc' dir='ltr'><strong><em>ἀπεκλῄσατε</em></strong></span> <span class='ocrx_word' id='word_1_211' title='bbox 1363 4495 1450 4550; x_wconf 74' lang='grc' dir='ltr'><strong><em>τοῖσι</em></strong></span> <span class='ocrx_word' id='word_1_212' title='bbox 1468 4491 1643 4570; x_wconf 83' lang='grc' dir='ltr'><strong><em>μοχλοίσιν</em></strong></span> 
     </span>
     <span class='ocr_line' id='line_1_33' title="bbox 410 4585 1697 4676; baseline 0.002 -20"><span class='ocrx_word' id='word_1_213' title='bbox 410 4590 521 4656; x_wconf 86' lang='grc' dir='ltr'><strong><em>αὐτῶν</em></strong></span> <span class='ocrx_word' id='word_1_214' title='bbox 544 4591 733 4674; x_wconf 86' lang='lat' dir='ltr'><strong>insequente</strong></span> <span class='ocrx_word' id='word_1_215' title='bbox 756 4585 958 4676; x_wconf 78' lang='grc' dir='ltr'><strong><em>ἀπεκλῄσατε</em></strong></span> <span class='ocrx_word' id='word_1_216' title='bbox 978 4587 1146 4654; x_wconf 80' lang='lat' dir='ltr'><strong>ferendum</strong></span> <span class='ocrx_word' id='word_1_217' title='bbox 1169 4613 1236 4654; x_wconf 95' lang='lat' dir='ltr'><strong><em>non</em></strong></span> <span class='ocrx_word' id='word_1_218' title='bbox 1254 4613 1323 4656; x_wconf 88' lang='lat' dir='ltr'><strong>esse</strong></span> <span class='ocrx_word' id='word_1_219' title='bbox 1341 4591 1404 4656; x_wconf 89' lang='lat' dir='ltr'><strong>rati</strong></span> <span class='ocrx_word' id='word_1_220' title='bbox 1422 4593 1519 4657; x_wconf 78' lang='lat' dir='ltr'><strong>variis</strong></span> <span class='ocrx_word' id='word_1_221' title='bbox 1538 4591 1642 4659; x_wconf 86' lang='lat' dir='ltr'><strong>modis</strong></span> <span class='ocrx_word' id='word_1_222' title='bbox 1657 4605 1697 4664; x_wconf 76' lang='lat'><strong><em>14</em></strong></span> 
     </span>
     <span class='ocr_line' id='line_1_34' title="bbox 410 4695 1392 4785; baseline 0.001 -23"><span class='ocrx_word' id='word_1_223' title='bbox 410 4702 569 4762; x_wconf 87' lang='lat' dir='ltr'><strong>mutatum</strong></span> <span class='ocrx_word' id='word_1_224' title='bbox 593 4695 770 4783; x_wconf 79' lang='lat' dir='ltr'><strong>iverunt*),</strong></span> <span class='ocrx_word' id='word_1_225' title='bbox 792 4701 848 4761; x_wconf 90' lang='lat' dir='ltr'><strong>aut</strong></span> <span class='ocrx_word' id='word_1_226' title='bbox 871 4696 906 4760; x_wconf 92' lang='lat' dir='ltr'><strong><em>in</em></strong></span> <span class='ocrx_word' id='word_1_227' title='bbox 927 4695 1094 4780; x_wconf 82' lang='lat' dir='ltr'><strong>Euripidis</strong></span> <span class='ocrx_word' id='word_1_228' title='bbox 1118 4695 1252 4762; x_wconf 90' lang='lat' dir='ltr'><strong>Heeuba</strong></span> <span class='ocrx_word' id='word_1_229' title='bbox 1275 4695 1392 4785; x_wconf 77' lang='lat'>(1195)</span> 
     </span>
     <span class='ocr_line' id='line_1_35' title="bbox 569 4798 1319 4890; baseline 0.001 -21"><span class='ocrx_word' id='word_1_230' title='bbox 569 4806 627 4869; x_wconf 90' lang='grc' dir='ltr'><strong><em>καί</em></strong></span> <span class='ocrx_word' id='word_1_231' title='bbox 647 4828 705 4889; x_wconf 90' lang='grc' dir='ltr'><strong><em>μοι</em></strong></span> <span class='ocrx_word' id='word_1_232' title='bbox 727 4806 765 4869; x_wconf 88' lang='grc' dir='ltr'><strong><em>τὸ</em></strong></span> <span class='ocrx_word' id='word_1_233' title='bbox 788 4799 850 4886; x_wconf 74' lang='grc' dir='ltr'><strong><em>μέν</em></strong></span> <span class='ocrx_word' id='word_1_234' title='bbox 872 4805 936 4868; x_wconf 87' lang='grc' dir='ltr'><strong><em>σὸν</em></strong></span> <span class='ocrx_word' id='word_1_235' title='bbox 958 4798 1023 4868; x_wconf 85' lang='grc' dir='ltr'><strong><em>ὧδε</em></strong></span> <span class='ocrx_word' id='word_1_236' title='bbox 1047 4805 1218 4890; x_wconf 87' lang='grc' dir='ltr'><strong><em>φροιμίοις</em></strong></span> <span class='ocrx_word' id='word_1_237' title='bbox 1240 4802 1319 4889; x_wconf 82' lang='grc' dir='ltr'><strong><em>ἔχει·</em></strong></span> 
     </span>
     <span class='ocr_line' id='line_1_36' title="bbox 570 4902 1369 4995; baseline 0 -18"><span class='ocrx_word' id='word_1_238' title='bbox 570 4913 654 4995; x_wconf 89' lang='grc' dir='ltr'><strong><em>πρὸς</em></strong></span> <span class='ocrx_word' id='word_1_239' title='bbox 676 4912 791 4977; x_wconf 86' lang='grc' dir='ltr'><strong><em>τόνδε</em></strong></span> <span class='ocrx_word' id='word_1_240' title='bbox 815 4908 845 4974; x_wconf 87' lang='grc' dir='ltr'><strong><em>δ’</em></strong></span> <span class='ocrx_word' id='word_1_241' title='bbox 873 4902 1018 4994; x_wconf 71' lang='lat' dir='ltr'><strong>alpensi</strong></span> <span class='ocrx_word' id='word_1_242' title='bbox 1042 4913 1154 4994; x_wconf 78' lang='grc' dir='ltr'><strong><em>λόγοις</em></strong></span> <span class='ocrx_word' id='word_1_243' title='bbox 1177 4909 1369 4995; x_wconf 78' lang='grc' dir='ltr'><strong><em>ἀμείψομαι,</em></strong></span> 
     </span>
     <span class='ocr_line' id='line_1_37' title="bbox 570 5015 1403 5104; baseline 0 -20"><span class='ocrx_word' id='word_1_244' title='bbox 570 5018 611 5096; x_wconf 89' lang='grc' dir='ltr'><strong><em>ὃς</em></strong></span> <span class='ocrx_word' id='word_1_245' title='bbox 634 5020 709 5103; x_wconf 78' lang='grc' dir='ltr'><strong><em>φὴς</em></strong></span> <span class='ocrx_word' id='word_1_246' title='bbox 725 5017 863 5104; x_wconf 78' lang='grc' dir='ltr'><strong><em>Ἀχαιῶν</em></strong></span> <span class='ocrx_word' id='word_1_247' title='bbox 884 5019 991 5082; x_wconf 83' lang='grc' dir='ltr'><strong><em>πόνον</em></strong></span> <span class='ocrx_word' id='word_1_248' title='bbox 1014 5015 1237 5084; x_wconf 79' lang='grc' dir='ltr'><strong><em>ἀπαλλάσσων</em></strong></span> <span class='ocrx_word' id='word_1_249' title='bbox 1259 5019 1403 5084; x_wconf 88' lang='grc' dir='ltr'><strong><em>διπλοῦν</em></strong></span> 
     </span>
     <span class='ocr_line' id='line_1_38' title="bbox 567 5123 1362 5211; baseline 0 -21"><span class='ocrx_word' id='word_1_250' title='bbox 567 5125 807 5211; x_wconf 77' lang='grc' dir='ltr'><strong><em>Ἀγαμέμνονός</em></strong></span> <span class='ocrx_word' id='word_1_251' title='bbox 829 5123 864 5190; x_wconf 91' lang='grc' dir='ltr'><strong><em>θ’</em></strong></span> <span class='ocrx_word' id='word_1_252' title='bbox 891 5123 982 5189; x_wconf 78' lang='grc' dir='ltr'><strong><em>ἕκατι</em></strong></span> <span class='ocrx_word' id='word_1_253' title='bbox 1006 5123 1097 5190; x_wconf 84' lang='grc' dir='ltr'><strong><em>παλδ’</em></strong></span> <span class='ocrx_word' id='word_1_254' title='bbox 1125 5123 1206 5207; x_wconf 80' lang='grc' dir='ltr'><strong><em>ἐμὸν</em></strong></span> <span class='ocrx_word' id='word_1_255' title='bbox 1228 5136 1362 5192; x_wconf 81' lang='grc' dir='ltr'><strong><em>κτανεῖν</em></strong></span> 
     </span>
    </p>
   </div>
   <div class='ocr_carea' id='block_1_3' title="bbox 409 5277 1640 5444">
    <p class='ocr_par' dir='ltr' id='par_1_3' title="bbox 409 5277 1640 5444">
     <span class='ocr_line' id='line_1_39' title="bbox 497 5277 1640 5355; baseline 0.001 -17"><span class='ocrx_word' id='word_1_256' title='bbox 497 5285 561 5354; x_wconf 74' lang='grc'><strong><em>’38)</em></strong></span> <span class='ocrx_word' id='word_1_257' title='bbox 581 5283 699 5355; x_wconf 80' lang='grc' dir='ltr'><strong><em>[Εεολοε.</em></strong></span> <span class='ocrx_word' id='word_1_258' title='bbox 711 5287 763 5337; x_wconf 86' lang='grc'><strong><em>180</em></strong></span> <span class='ocrx_word' id='word_1_259' title='bbox 776 5281 898 5354; x_wconf 85' lang='grc' dir='ltr'><strong><em>χαλιιιδν</em></strong></span> <span class='ocrx_word' id='word_1_260' title='bbox 912 5281 963 5352; x_wconf 68' lang='grc' dir='ltr'><strong><em>μέν</em></strong></span> <span class='ocrx_word' id='word_1_261' title='bbox 977 5277 1029 5336; x_wconf 80' lang='grc' dir='ltr'><strong><em>οὖν</em></strong></span> <span class='ocrx_word' id='word_1_262' title='bbox 1043 5279 1151 5350; x_wconf 80' lang='grc' dir='ltr'><strong><em>ἀνδρας</em></strong></span> <span class='ocrx_word' id='word_1_263' title='bbox 1165 5279 1352 5349; x_wconf 80' lang='grc' dir='ltr'><strong><em>δυσαρέστους</em></strong></span> <span class='ocrx_word' id='word_1_264' title='bbox 1367 5287 1524 5353; x_wconf 75' lang='grc' dir='ltr'><strong><em>νουθετεῖν,</em></strong></span> <span class='ocrx_word' id='word_1_265' title='bbox 1538 5283 1640 5348; x_wconf 68' lang='lat' dir='ltr'><strong>atrata</strong></span> 
     </span>
     <span class='ocr_line' id='line_1_40' title="bbox 409 5367 997 5444; baseline -0.007 -16"><span class='ocrx_word' id='word_1_266' title='bbox 409 5377 501 5441; x_wconf 73' lang='grc' dir='ltr'><strong><em>φιλεῖν</em></strong></span> <span class='ocrx_word' id='word_1_267' title='bbox 519 5373 571 5442; x_wconf 71' lang='grc' dir='ltr'><strong><em>μέν</em></strong></span> <span class='ocrx_word' id='word_1_268' title='bbox 589 5370 776 5444; x_wconf 77' lang='grc' dir='ltr'><strong><em>βουλομένους</em></strong></span> <span class='ocrx_word' id='word_1_269' title='bbox 793 5367 997 5442; x_wconf 68' lang='grc' dir='ltr'><strong><em>δεδοίκατε]</em></strong></span> 
     </span>
    </p>
   </div>
   <div class='ocr_carea' id='block_1_4' title="bbox 0 0 1968 6675">
    <p class='ocr_par' dir='ltr' id='par_1_4' title="bbox 0 0 1968 6675">
     <span class='ocr_line' id='line_1_41' title="bbox 0 0 1968 6675; baseline 0 0"><span class='ocrx_word' id='word_1_270' title='bbox 0 0 1968 6675; x_wconf 95' lang='lat' dir='ltr'><strong><em> </em></strong></span> 
     </span>
    </p>
   </div>
  </div>
 </body>
</html>
