3925 6675
708 1144 758 1193 nu
776 1144 928 1194 nomeu
946 1144 1108 1195 caremus
1126 1144 1164 1198 rr
1178 1149 1203 1195 4.
1504 1141 1570 1205 525

336 1305 400 1369 hoa
419 1325 486 1369 non
504 1326 572 1369 esse
586 1304 773 1369 vaticinium
789 1305 992 1390 persuadent,
1011 1305 1068 1369 sad
1082 1305 1236 1368 iudicium
1251 1325 1328 1386 esse,
1347 1304 1434 1388 quod
1449 1302 1572 1368 Hanni-

336 1410 404 1476 bali
423 1433 532 1476 rerum
551 1415 713 1498 gestarum
731 1412 821 1494 fides,
840 1434 919 1496 quas
934 1412 1016 1477 vidit
1035 1416 1067 1476 et
1081 1415 1232 1497 expertus
1249 1416 1307 1492 est,
1325 1412 1474 1477 excussit.
1499 1409 1570 1476 Hoc

336 1522 447 1583 autem
466 1518 585 1583 indicio
604 1519 643 1582 de
657 1516 783 1583 Claudii
801 1518 896 1583 rebus
915 1519 1002 1584 facto
1022 1518 1109 1603 quod
1129 1517 1283 1583 Horatius
1303 1518 1479 1583 orationem
1499 1538 1571 1582 cum

336 1626 480 1690 carmine
507 1624 595 1689 finiri
623 1625 741 1708 voluit,
768 1625 865 1690 simul
893 1630 1058 1691 assecutus
1081 1630 1143 1709 est,
1168 1630 1205 1690 ut
1228 1626 1459 1690 sententiarum
1484 1624 1572 1705 ordo,

337 1754 436 1816 quem
460 1752 593 1795 exorsus
617 1735 685 1795 erat
708 1731 748 1796 ab
772 1732 825 1796 his
848 1730 921 1818 (37)

642 1839 721 1920 quid
742 1839 858 1916 debere,
882 1863 899 1903 o
922 1839 1034 1917 Rana,
1058 1840 1235 1904 Neronibus

643 1947 728 2010 testis
751 1946 935 2011 Metaurum
958 1946 1076 2026 tiuuseu
1098 1952 1126 2010 et
1148 1946 1334 2010 Hasdrubal

643 2053 786 2131 liuidus,

339 2160 386 2224 sic
414 2163 451 2223 ut
478 2180 537 2243 par
563 2158 628 2222 fuit
654 2158 764 2224 eadem
792 2159 945 2223 redeunte
973 2160 1132 2223 sententia
1160 2159 1199 2222 ad
1227 2160 1324 2222 finem
1353 2181 1447 2222 suum
1476 2157 1572 2222 dedu-

339 2270 476 2348 ceretur,
498 2286 536 2330 eo
560 2265 690 2351 gratim
714 2265 801 2348 qnod
824 2287 890 2331 non
913 2289 952 2330 ex
974 2269 1090 2350 poetae
1108 2269 1215 2330 mente
1234 2265 1290 2330 sed
1307 2265 1411 2330 hostis
1430 2287 1486 2330 ore
1508 2264 1571 2330 hoc
1587 2292 1612 2332 ro

340 2372 428 2456 quod
451 2377 501 2437 eat
524 2372 660 2437 eximiae
677 2371 783 2437 laudis
801 2373 971 2456 profertur.
1003 2372 1163 2456 Loquitur
1180 2377 1288 2437 autem
1307 2377 1340 2438 et
1357 2370 1572 2436 Hannibalem

339 2480 525 2563 loquentem
550 2478 630 2544 facit
651 2478 769 2563 plurali
797 2500 931 2544 numero
953 2481 1032 2560 quid
1054 2479 1163 2545 dabam
1185 2479 1363 2545 Neronibus
1385 2483 1418 2544 et
1439 2479 1488 2543 uil
1510 2500 1573 2543 aaa

334 2588 508 2668 pupieiuat
531 2584 687 2652 Claudiae
708 2606 832 2665 inaura,
855 2608 1050 2670 quamquam
1073 2607 1133 2652 nac
1152 2585 1308 2653 Horatius
1330 2608 1390 2652 nec
1408 2585 1573 2650 Hannibal

340 2692 414 2776 plus
433 2714 530 2776 quam
548 2714 648 2759 unum
668 2691 701 2757 0.
721 2690 891 2758 Claudium
910 2691 1074 2758 Neronem
1093 2693 1261 2779 cogitarit:
1284 2715 1381 2777 prave
1400 2693 1485 2757 enim
1506 2694 1574 2776 qui-

341 2798 415 2865 dam
433 2798 486 2864 his
505 2798 693 2883 ampliorem
715 2800 779 2863 vim
803 2799 951 2864 tribuunt
973 2804 1011 2864 ut
1034 2798 1203 2864 Claudium
1222 2799 1386 2864 Drusum
1409 2798 1572 2863 Neronem
1655 2841 1658 2845 -

340 2905 591 2991 amplectantur,
618 2906 670 2970 aui
698 2905 761 2971 hoc
789 2928 942 2992 magnum
970 2912 1021 2971 cst
1048 2908 1255 2991 praeconium
1283 2907 1370 2990 quod
1397 2907 1500 2990 ipsius
1522 2928 1573 2970 res

340 3013 505 3097 praeclare
532 3016 643 3098 gestae
670 3014 855 3079 memoriam
888 3015 1085 3079 suscitarunt
1116 3036 1222 3078 rerum
1255 3035 1335 3098 quas
1363 3011 1396 3077 C.
1420 3011 1573 3077 Claudius

341 3117 440 3198 Naro,
463 3142 547 3185 unus
571 3141 609 3185 ex
627 3119 804 3185 maioribus
827 3120 906 3203 eius,
928 3121 1088 3186 turnultus
1107 3119 1314 3186 Hannibaliai
1331 3125 1478 3204 tempore
1500 3140 1573 3184 cum

342 3247 402 3291 sua
424 3227 510 3291 fama
533 3230 566 3290 et
588 3226 692 3292 salute
719 3227 809 3292 urbis
833 3226 977 3310 perfecit.
1015 3225 1130 3311 Neque
1153 3232 1222 3292 erat
1245 3226 1332 3311 quod
1355 3226 1511 3292 Horatius
1534 3225 1574 3291 ad

342 3331 442 3400 Drusi
465 3355 526 3417 res,
549 3356 628 3420 qaas
651 3336 759 3420 priore
779 3334 930 3400 carminis
953 3339 1045 3421 parte
1063 3339 1232 3400 exsecutus
1253 3338 1331 3419 erat,
1353 3340 1429 3419 post
1451 3332 1573 3399 Hanni·
1587 3361 1614 3400 so

342 3440 425 3506 balis
444 3441 624 3506 orationem
643 3441 842 3506 interiectam
861 3446 1074 3507 reverteretur
1091 3442 1169 3526 ipse,
1192 3442 1279 3526 quod
1302 3442 1330 3505 si
1348 3443 1433 3507 forte
1451 3444 1574 3506 nostra-

341 3546 432 3614 tibus
455 3548 621 3632 placuerit,
644 3552 788 3614 veterum
811 3549 1044 3614 consuetudine
1066 3548 1261 3634 repudiatur.

432 3652 555 3720 Tantae
577 3654 673 3720 molis
700 3658 782 3738 erat,
808 3676 875 3720 non
898 3656 1034 3722 condere
1057 3656 1180 3738 urbem,
1204 3656 1260 3719 sed
1284 3678 1381 3720 unam
1405 3656 1573 3740 stropham

342 3760 495 3826 carminis
513 3759 685 3826 Horatiani
707 3784 747 3825 ex
770 3761 931 3827 erroribus
954 3762 1072 3846 quibus
1096 3764 1223 3828 obtecta
1240 3763 1365 3828 iacebat
1386 3762 1575 3847 protrahere

343 3865 588 3954 intellectuique
614 3872 726 3933 nostra
756 3869 950 3953 patefacer03
977 3873 1010 3934 et
1037 3874 1131 3934 amnt
1163 3868 1219 3952 qui
1251 3869 1352 3933 tantis
1383 3869 1573 3953 ambagibus

342 3972 530 4057 disputandi
553 3975 616 4040 hoa
639 3973 745 4039 ‘nihil'
770 3975 919 4040 effectum
942 3997 1012 4040 asse
1035 3975 1173 4058 rideant,
1196 3975 1252 4039 sed
1275 3997 1334 4040 nos
1357 3975 1574 4040 consolabitur

344 4077 493 4146 Socratae
517 4080 573 4165 qui
596 4081 643 4147 ait
665 4092 816 4165 κρεῖττον
838 4083 902 4166 γάρ
925 4103 993 4147 που
1017 4084 1157 4166 σμικρὸν
1180 4076 1218 4146 εὖ
1241 4080 1367 4165 dauid
1385 4084 1429 4165 μὴ
1453 4082 1575 4157 ἱκανῶς

342 4195 494 4270 nepam
526 4186 593 4254 Ser.
617 4210 659 4252 m.
678 4188 784 4272 Aprili
807 4210 834 4253 a.
853 4205 1040 4254 uocccarv.
