3925 6675
551 1143 801 1198 senuerimus
818 1145 858 1196 nr
876 1143 1070 1196 cronaoam
1089 1145 1343 1198 onnmonmas.
1503 1143 1568 1208 321

336 1325 393 1372 nco
413 1307 551 1372 omicrmt
572 1310 674 1386 emm
689 1305 877 1387 prurderstem
893 1327 983 1372 ruere
994 1307 1128 1388 potitam,
1150 1327 1240 1390 quem
1258 1307 1349 1372 send
1367 1307 1491 1389 tapnim
1509 1309 1570 1372 im·

330 1413 505 1496 prodentia
535 1413 686 1478 mainnit
711 1433 767 1478 nee
792 1433 932 1478 corruere
956 1414 1048 1490 airit;
1080 1417 1113 1477 ct
1140 1418 1273 1498 apparet
1301 1418 1367 1480 tam
1396 1418 1470 1500 apte
1491 1435 1571 1496 pnr-

336 1519 458 1586 dentem
480 1539 569 1586 ruere
591 1541 688 1603 quam
710 1519 861 1584 labentem
882 1539 1023 1586 comeere
1045 1519 1130 1584 inter
1152 1542 1187 1584 se
1210 1521 1361 1605 componi
1384 1524 1417 1585 et
1440 1523 1568 1606 opponi.

427 1624 492 1692 Sed
514 1631 632 1710 tamen,
655 1648 850 1711 quamquam
873 1625 958 1692 hanc
979 1649 1000 1691 a
1022 1627 1117 1694 nobis
1139 1626 1205 1692 leni
1224 1649 1322 1694 manu
1340 1627 1482 1694 refictam
1503 1650 1570 1693 ora·

336 1734 460 1799 tionem
488 1733 577 1798 omni
603 1754 643 1798 ex
666 1738 757 1818 parte
780 1738 813 1798 et
836 1731 1024 1800 Ciceronem
1048 1733 1158 1800 decere
1180 1738 1214 1800 ct
1237 1733 1271 1798 in
1294 1735 1390 1800 huius
1413 1734 1477 1800 loci
1501 1757 1571 1801 sen·

336 1841 472 1906 tentam
501 1839 658 1924 quadrare
685 1840 891 1924 arbitramur,
918 1841 957 1905 de
985 1841 1153 1907 emendato
1182 1842 1280 1908 verbo
1308 1841 1392 1908 nihil
1418 1841 1570 1908 fidentius

336 1947 547 2030 mamae,
565 1945 647 2014 illud
665 1947 782 2012 fortius
797 1969 978 2013 asseverare
993 1947 1157 2032 audemus,
1176 1947 1249 2014 falsi
1264 1948 1474 2014 additamenti
1488 1947 1571 2014 nihil

336 2053 372 2120 in
399 2053 460 2120 hac
487 2058 579 2139 parte
605 2055 754 2140 agnosci,
781 2055 838 2120 sed
864 2055 893 2119 si
915 2059 1082 2140 peccatum
1106 2056 1150 2120 sit
1172 2060 1339 2139 peccatum
1363 2077 1432 2122 esse
1455 2077 1570 2122 errore.

426 2268 537 2334 Tertio
558 2269 632 2334 loco
654 2269 811 2334 orationis
828 2268 1021 2334 Pisonianae
1045 2290 1154 2334 vocem
1173 2291 1270 2335 unam
1288 2271 1456 2336 restituere
1475 2291 1569 2336 cona·
1587 2293 1611 2336 ro

337 2374 458 2459 bimur,
485 2395 581 2460 quam
604 2398 624 2440 a
645 2377 787 2459 nemine,
809 2375 896 2460 quod
918 2376 1071 2459 sciamus,
1093 2380 1179 2442 recte
1202 2377 1402 2442 emendatam
1425 2377 1571 2462 plerique

337 2503 449 2548 omnes
472 2484 508 2548 in
529 2483 632 2566 spurii
654 2483 870 2567 suspicionem
892 2482 1058 2548 trabentes
1078 2482 1183 2548 delere
1201 2481 1384 2548 maluemnt
1402 2505 1484 2568 quae
1503 2505 1571 2550 cor-
1669 2563 1671 2568 Ι

336 2589 443 2676 rigere
473 2609 540 2654 non
571 2593 730 2674 poterant.
772 2587 1053 2675 Comparationem
1085 2589 1222 2656 dicimus
1255 2612 1274 2654 a
1302 2587 1455 2656 Cicerone
1486 2592 1572 2656 inter

338 2694 511 2762 Catilinam
538 2696 786 2781 coniuratosque
812 2701 845 2762 et
872 2697 957 2762 inter
982 2695 1134 2762 Pisonem
1159 2695 1395 2781 Gabiniumque
1423 2697 1569 2764 consules

336 2803 521 2870 institutam
544 2825 570 2868 c
591 2803 696 2886 7,15.

475 2911 561 2992 Quid
581 2912 666 2976 arim
688 2911 832 2993 interfuit
853 2912 935 2976 inter
959 2909 1133 2978 Catilinam
1156 2917 1185 2976 ct
1206 2931 1289 2990 mm,
1317 2913 1572 2978 miniscere

472 3019 694 3096 comantem,
712 3018 844 3083 sutamm
862 3019 1007 3098 civitatis,
1026 3025 1122 3084 totam
1139 3039 1205 3084 rem
1218 3017 1379 3099 preblioam
1386 3019 1572 3101 provinciae

467 3126 612 3208 praemio
633 3125 826 3190 vendidisti?
852 3145 933 3207 qaue
953 3126 1038 3190 enim
1062 3125 1099 3190 L.
1120 3123 1294 3190 Catilinam
1317 3131 1476 3190 ananam
1499 3145 1570 3192 eon·

471 3231 521 3298 ael
542 3230 704 3314 metebat,
730 3252 769 3298 ca
792 3231 831 3296 P.
851 3230 1001 3298 Clodium
1026 3233 1191 3312 facientem
1214 3231 1352 3298 cormrder
1374 3233 1569 3300 admocum.

403 3340 426 3406 5
469 3339 567 3406 adad
583 3339 637 3405 rm
653 3346 795 3407 mmmm
815 3340 999 3423 interficere:
1022 3360 1075 3406 coe
1091 3340 1277 3417 enodatim
1296 3340 1374 3423 tepea
1392 3342 1569 3409 incmdere:
1583 3363 1611 3405 ro

470 3466 523 3513 cos
549 3448 740 3529 emmunim
766 3448 926 3513 interire
940 3448 1127 3530 patriam,
1155 3467 1217 3513 voe
1239 3448 1456 3513 adiecistis.
1492 3450 1572 3531 qaid

470 3560 516 3621 est
540 3554 626 3619 cobis
651 3553 827 3619 mammae
850 3560 970 3636 acetum
997 3556 1066 3619 aine
1087 3554 1210 3619 armna?
1239 3555 1400 3621 incendere
1420 3554 1479 3620 illa
1501 3576 1570 3621 con-

470 3662 646 3727 iematorum
664 3680 779 3727 manm
796 3660 893 3727 volni
908 3661 1032 3727 arbem:
1050 3680 1104 3727 voe
1120 3663 1187 3728 cirre
1205 3660 1331 3727 maram
1345 3668 1571 3745 quernpropter

469 3768 545 3835 urbs
566 3770 694 3835 incensa
715 3789 780 3833 non
801 3775 853 3833 est.

336 3874 386 3939 De
418 3897 482 3959 qna
508 3879 601 3961 parte
628 3874 755 3940 erudita
781 3879 831 3939 est
857 3874 1024 3939 adnotatio
1051 3874 1206 3961 Madvigii
1234 3876 1269 3939 in
1298 3874 1479 3941 dimicensis
1506 3876 1571 3941 edi·

336 3980 436 4047 tionis
461 3980 625 4047 volumine
647 3998 674 4045 11
691 4004 722 4066 p.
743 3980 843 4047 1453:
870 3982 906 4047 in
929 4003 994 4065 qna
1015 3982 1155 4065 primum
1180 3982 1318 4060 interire,
1347 3982 1433 4065 quod
1455 3982 1571 4049 codici·

336 4088 398 4154 bus
421 4087 565 4171 debetur,
587 4110 723 4172 pravum
745 4110 814 4153 esse
837 4087 941 4171 docet,
964 4110 1037 4153 cum
1059 4088 1181 4153 activae
1201 4088 1446 4173 significationis
1466 4089 1571 4153 infini-

336 4178 441 4261 tidum
459 4196 637 4279 exspectari
655 4194 750 4279 dicat,
768 4216 827 4259 nec
845 4199 954 4261 tamen
968 4197 1153 4273 interimere,
1173 4194 1259 4279 qnod
1273 4194 1351 4259 olim
1365 4196 1570 4280 propositum

284 4316 323 4375 12
336 4307 400 4387 eet,
426 4307 602 4387 precatore,
630 4301 716 4386 quod
739 4322 800 4367 nec
822 4323 880 4367 sua
902 4303 936 4367 ri
958 4302 1088 4386 propria
1110 4304 1186 4387 post
1208 4322 1246 4365 ea
1268 4322 1350 4384 qnae
1373 4300 1570 4385 praecedunt

335 4410 507 4493 interficere
523 4414 666 4475 mamam
684 4408 748 4474 dici
766 4409 918 4493 potuerit,
935 4430 995 4474 nee
1013 4410 1166 4474 usitatam
1179 4407 1422 4473 mandationem
1437 4407 1567 4475 habeat:
1582 4430 1609 4471 eo

336 4516 530 4583 desiderium
563 4514 686 4601 expleri
717 4517 745 4581 si
777 4537 816 4580 ex
848 4517 978 4581 interire
1008 4514 1074 4581 leni
1103 4538 1199 4601 opera
1226 4518 1373 4581 niterrcre
1400 4516 1568 4582 efficiatum.

334 4620 437 4707 quue
454 4620 602 4707 plerique
619 4623 722 4689 secuti
739 4628 826 4705 sunt,
843 4644 903 4688 nec
922 4626 1007 4687 carte
1026 4622 1226 4709 probabilius
1241 4623 1390 4707 estquod
1405 4622 1568 4707 Kayserus

335 4730 371 4796 in
389 4730 523 4795 eandem
540 4730 734 4795 sententiam
753 4730 809 4795 sed
822 4730 945 4795 maiore
958 4729 1124 4795 molimine
1139 4730 1329 4795 emendandi
1344 4730 1440 4797 scribi
1455 4731 1569 4797 maluit

334 4838 399 4903 eim
424 4838 541 4919 inferre
554 4838 691 4919 patriae
728 4835 792 4903 Sed
808 4838 896 4901 hunc
914 4838 1100 4921 scrupalum
1119 4836 1207 4901 felici
1226 4858 1313 4901 remo
1333 4840 1569 4921 praetervectos

336 4942 458 5028 excipit
484 4964 605 5010 novum
632 4948 665 5007 et
692 4943 821 5030 grauius
850 4942 1052 5009 obstaculum
1081 4944 1115 5008 in
1142 4944 1182 5009 iis
1211 4966 1292 5028 qaae
1318 4948 1496 5029 sequrmm
1516 4966 1570 5011 voc

335 5050 512 5119 camma.
553 5048 638 5127 Quid
669 5050 755 5115 enim
785 5055 842 5115 aut
869 5070 965 5134 quem
993 5051 1151 5117 adiuvisse
1179 5050 1350 5115 dicuntur?
1373 5052 1569 5135 patriamne,

336 5157 424 5242 quod
445 5179 484 5225 ex
503 5158 667 5242 superiore
686 5158 846 5225 sonantia
864 5158 1004 5243 intelligi
1023 5162 1159 5241 poterat,
1182 5158 1249 5223 sire
1267 5158 1396 5223 interire
1414 5162 1482 5223 erat
1501 5158 1568 5223 sive

334 5263 368 5329 ni
389 5270 502 5331 ter-rere
518 5266 672 5347 pute-iam,
695 5286 737 5329 an
755 5262 928 5329 Catilinam
951 5285 1091 5349 quocum
1115 5265 1363 5349 comparantur?
1386 5264 1568 5349 Utrumque

335 5372 457 5455 pariter
479 5370 625 5455 ineptum
648 5375 707 5455 eat,
729 5374 786 5436 aut
809 5392 865 5435 eos
887 5371 1046 5437 adincrbee
1062 5374 1207 5453 patriam
1230 5370 1304 5453 dici,
1327 5392 1407 5455 quos
1431 5372 1568 5455 patriam

390 5484 517 5527 t'ableat
529 5485 641 5583 opuscula
653 5485 685 5525 u
1319 5480 1351 5528 21
