3925 6675
463 2060 586 2134 xrrx.
613 2060 767 2134 ruuux
793 2040 1074 2135 nacrrouuu
1101 2061 1417 2136 rasurarum
1446 2067 1547 2136 raas.

479 2235 518 2302 In
541 2236 715 2322 prooemiis
738 2235 923 2321 scribendis,
947 2259 1084 2321 quorum
1107 2236 1293 2303 institutum
1316 2260 1442 2323 semper
1461 2237 1546 2303 idern
1566 2243 1661 2320 esta

391 2351 429 2413 ut
451 2344 626 2412 lectionum
650 2343 900 2409 academicorum
924 2343 1158 2409 enumerationi
1181 2344 1304 2428 aliquid
1321 2343 1496 2410 litterariae
1516 2344 1623 2430 dispu-

391 2453 525 2519 tationis
543 2450 771 2537 praemittatur
790 2472 828 2515 ex
848 2453 992 2514 veterum
1007 2451 1201 2536 scriptorum
1216 2451 1480 2535 interpretatione
1494 2453 1623 2536 petitae,

392 2560 544 2626 materiae
562 2556 691 2642 quidem
710 2555 851 2641 aliquam
869 2559 1057 2622 varietatem
1072 2558 1254 2642 quaerimus
1268 2559 1315 2622 ita
1328 2561 1444 2624 utnon
1458 2557 1622 2623 ex‘eodem

392 2667 549 2752 scriptore
572 2663 628 2728 sed
650 2686 689 2729 ax
712 2663 1095 2748 pluribusscriptionum
1119 2669 1302 2730 nostrarum
1325 2669 1515 2752 argumenta
1537 2687 1625 2750 repe·

392 2778 507 2840 ternus.
545 2770 659 2854 ltaque
677 2768 1021 2856 postdristophanem
1040 2771 1104 2836 iam
1124 2771 1175 2835 bis
1195 2770 1255 2836 hac
1274 2771 1441 2837 occasione
1459 2771 1499 2836 ad
1518 2776 1625 2857 partes

392 2885 542 2946 vocatum
561 2878 602 2943 ad
619 2876 805 2944 Ciceronem
823 2899 883 2943 nos
902 2879 1119 2944 convertimus
1138 2899 1176 2944 eo
1196 2877 1331 2944 consilio
1350 2883 1387 2943 ut
1406 2899 1507 2964 genus
1527 2879 1626 2964 quod-

393 2989 467 3053 dam
495 2985 728 3052 emendationis
754 2983 920 3050 Tullianae
953 2987 1108 3071 exemplis
1136 2985 1302 3051 nonnullis
1330 2986 1561 3071 patefaciamus
1590 3008 1626 3050 ac

353 3107 380 3149 ¹⁰
393 3094 597 3160 declaremus.
634 3091 765 3157 Etenim
784 3093 841 3177 qui
859 3091 911 3157 vel
928 3093 1124 3158 novissimae
1142 3092 1293 3157 editionis
1313 3091 1554 3158 Teubnerianae
1573 3115 1626 3158 vo-

392 3201 516 3266 lumina
537 3199 724 3286 diligentius
742 3201 996 3286 pertractares-it,
1019 3199 1180 3284 intelliget
1197 3199 1232 3263 in
1252 3199 1340 3264 omni
1359 3205 1450 3284 parte
1468 3198 1626 3265 librorum

394 3305 557 3375 Ciceronis
584 3305 697 3371 multis
723 3305 803 3371 locis
831 3306 928 3372 verba
955 3306 1084 3394 singula
1111 3309 1168 3372 aut
1195 3305 1288 3393 plura
1317 3307 1470 3373 contiuua
1497 3311 1530 3372 et
1557 3311 1626 3373 tcta

392 3416 560 3481 enuntiata
587 3414 811 3479 damnatorum
839 3415 941 3479 instar
963 3416 998 3479 in
1020 3414 1150 3480 vincula
1172 3436 1240 3479 esse
1263 3416 1416 3480 coniecta.
1454 3412 1539 3480 Nam
1563 3415 1626 3481 hoc

392 3524 525 3590 editoris
554 3504 765 3587 clementiae
789 3544 822 3587 se
845 3544 911 3586 non
933 3522 1132 3607 impetravit,
1161 3526 1197 3587 ut
1220 3522 1383 3607 supplicio
1407 3521 1550 3589 afficeret
1573 3522 1626 3587 da-

391 3634 501 3696 mnata
524 3634 556 3694 et
579 3650 618 3693 ax
640 3627 808 3693 hominurn
829 3630 984 3693 memoria
1002 3628 1203 3714 exstirparet,
1226 3628 1281 3693 sed
1302 3628 1437 3694 clatrata
1456 3651 1493 3693 ea
1512 3628 1626 3694 maluit

392 3739 494 3803 vitam
517 3737 650 3801 inritam
674 3734 796 3799 ducere.
834 3734 879 3799 llt
899 3734 962 3801 hoc
986 3753 1061 3803 sane
1084 3735 1184 3820 probe
1207 3714 1329 3801 factum
1353 3740 1416 3819 est,
1445 3737 1473 3801 si
1496 3735 1623 3820 quidem

392 3844 569 3931 legentium
589 3842 761 3928 prudentia
778 3842 977 3927 admonetur,
1000 3846 1095 3908 utne
1114 3844 1217 3908 securi
1236 3842 1421 3909 transiliant
1439 3842 1512 3909 loca
1531 3844 1625 3909 male·

391 3953 527 4017 ficorum
550 3950 687 4015 miseriis
709 3948 830 4015 infecta
852 3948 908 4013 sed
931 3951 1024 4035 qnasi
1042 3972 1101 4035 per
1118 3954 1324 4015 transennam
1343 3950 1554 4035 introspicere
1573 3973 1625 4017 crr-

391 4058 483 4144 piant
506 4058 625 4124 curiosi
649 4056 727 4142 quid
749 4057 796 4121 rei
818 4061 956 4144 geratur.

352 4176 379 4218 ¹⁰
481 4164 557 4231 Non
588 4184 744 4250 negamus
775 4162 829 4228 br'c
858 4162 926 4229 illic
958 4164 992 4228 in
1024 4163 1118 4229 bonis
1150 4164 1316 4230 codicibus
1349 4162 1439 4251 (nam
1471 4166 1505 4229 in
1534 4164 1626 4229 malis

391 4272 471 4338 talia
501 4271 603 4337 multa
635 4292 705 4336 esse
737 4292 832 4335 nemo
858 4268 975 4357 nescit)
1005 4272 1182 4336 orationem
1210 4268 1391 4336 Tullianam
1420 4271 1510 4337 falsis
1539 4270 1626 4337 addi·

392 4378 543 4445 tementis
565 4381 692 4442 auctam
716 4398 798 4461 esse,
821 4376 877 4441 sed
899 4381 1008 4442 tamen
1031 4378 1077 4442 ita
1100 4398 1275 4458 censemus,
1300 4378 1333 4443 in
1358 4378 1398 4443 iis
1422 4400 1503 4463 quae
1521 4378 1627 4444 editor

394 4486 588 4552 norissimus
610 4484 730 4566 reiecit,
753 4483 906 4568 pleraque
928 4505 995 4549 non
1018 4506 1052 4549 se
1075 4490 1204 4551 auctam
1227 4484 1282 4549 sed
1306 4485 1429 4551 alienae
1452 4483 1527 4551 fidei
1550 4485 1626 4550 asti-

392 4592 533 4678 pulatus,
555 4591 658 4656 multa
680 4611 749 4655 esse
773 4611 855 4674 qnae
878 4594 934 4655 aut
956 4590 1075 4656 inimic
1098 4590 1181 4657 ferre
1199 4613 1299 4658 uncos
1319 4592 1405 4657 iussa
1425 4594 1499 4677 sint,
1522 4598 1578 4659 aut
1597 4592 1625 4657 si

394 4698 472 4785 quid
493 4721 552 4783 per
574 4719 715 4762 errorem
733 4695 815 4763 labis
834 4698 1000 4781 traxerint,
1023 4698 1144 4763 leniore
1162 4721 1266 4784 poena
1285 4699 1325 4764 ad
1344 4700 1559 4765 sinceritatem
1579 4720 1627 4765 re-

392 4806 501 4873 vocari
532 4805 706 4890 potuerint.
747 4803 931 4891 Utrumque
958 4809 1066 4871 autem
1094 4807 1201 4871 sensui
1229 4810 1342 4871 nostro
1372 4828 1528 4893 pergrave
1555 4826 1625 4872 esse

392 4914 500 4978 visum
523 4917 581 4996 est,
603 4912 693 4977 utin
712 4911 880 4977 hominum
897 4912 965 4977 rita
984 4912 1170 4979 innoeentes
1190 4912 1402 4979 condemnare
1421 4918 1478 4978 ant
1496 4913 1625 5000 gravium

391 5021 505 5106 punire
524 5041 607 5105 qnos
625 5018 729 5084 lenius
748 5018 875 5104 licebat,
893 5018 940 5084 ita
956 5018 992 5084 in
1010 5018 1127 5085 litteris
1145 5020 1324 5087 orationem
1339 5042 1420 5105 quae
1435 5042 1500 5086 non
1515 5022 1627 5086 nostra

392 5132 443 5194 est
464 5127 521 5194 sed
543 5128 656 5212 aliena,
679 5126 734 5191 sed
758 5127 954 5211 scriptorum
977 5126 1136 5193 nobilium
1160 5149 1241 5212 quos
1264 5126 1397 5192 laudant
1417 5132 1449 5193 et
1468 5126 1625 5195 admiran-

351 5242 379 5285 ⁸⁰
392 5240 447 5300 tur
473 5256 597 5318 ornnes,
625 5238 681 5298 aut
707 5233 827 5318 pusillo
854 5254 957 5298 naevo
986 5234 1137 5299 infectam
1156 5238 1217 5299 ant
1241 5232 1479 5321 integerrimam
1502 5234 1625 5301 nostris

392 5340 553 5407 erroribus
576 5340 701 5406 absciso
724 5339 869 5407 membro
891 5361 1038 5405 mancam
1061 5343 1094 5405 et
1116 5344 1296 5407 truncatam
1320 5340 1459 5406 reddere.
