3925 6675
624 1112 673 1163 nn
692 1111 868 1163 varamus
887 1111 1099 1163 nonantule
1118 1112 1217 1163 Accu
1234 1113 1389 1164 raaclca
1557 1111 1624 1176 455

387 1271 472 1354 sive,
501 1271 588 1356 quod
615 1275 748 1357 propter
774 1271 863 1337 illam
887 1272 1131 1338 similitudinem
1154 1271 1247 1337 nobis
1270 1274 1496 1358 praestabilius
1520 1274 1624 1340 visum

388 1383 449 1461 est,
467 1384 506 1444 ut
523 1383 760 1463 pentametrum
778 1380 929 1464 expleant

434 1462 631 1551 inimicitias
649 1485 880 1568 neveram
902 1488 1053 1553 arram
1075 1488 1142 1552 iam
1160 1488 1456 1570 reportaveritis
1474 1489 1625 1553 aeeon

434 1593 607 1658 Renovare.

390 1697 514 1764 Verum
537 1699 695 1784 quidquid
718 1699 881 1780 statuitur,
905 1700 945 1765 ad
966 1704 1112 1765 nostram
1132 1722 1259 1766 causam
1277 1701 1361 1766 nihil
1379 1703 1526 1766 interest:
1549 1724 1624 1766 nam

390 1810 539 1872 nostrum
567 1828 633 1872 non
659 1811 726 1872 tam
753 1811 803 1871 est
830 1806 928 1871 verba
950 1805 1042 1873 Accii
1069 1807 1135 1872 suis
1163 1808 1308 1873 versibus
1336 1808 1504 1873 restituere
1528 1831 1624 1893 quarn

390 1934 502 1978 eorum
535 1914 754 2000 integritatem
781 1936 801 1978 a
828 1913 1013 1979 criticorum
1045 1915 1227 1979 temeritate
1256 1916 1425 1981 vindicare.
1470 1914 1508 1980 Id
1538 1916 1625 2000 quod

390 2020 475 2086 cadit
498 2020 596 2086 etiam
618 2022 651 2085 in
675 2020 739 2087 hoc
761 2021 945 2105 exemplum
968 2021 1056 2105 quod
1078 2022 1163 2086 idem
1187 2021 1314 2087 Nonius
1339 2022 1566 2107 suppeditavit.

480 2146 516 2193 11.
547 2126 586 2193 In
617 2126 702 2192 libro
734 2129 833 2192 tertio
861 2128 1108 2214 compendiosae
1137 2127 1302 2194 doctrinae
1330 2131 1386 2214 qui
1414 2131 1482 2215 agit
1511 2130 1550 2194 de
1577 2131 1624 2194 in-

392 2234 537 2300 discretis
561 2233 732 2321 generibus
755 2257 785 2319 p.
805 2233 880 2318 225,
899 2235 942 2298 32
965 2234 1044 2301 haec
1061 2235 1216 2322 leguntur
1639 2259 1665 2300 ιο

525 2341 664 2425 ‘squalor
690 2342 859 2407 moendini
885 2349 928 2408 ast
953 2345 1083 2425 pencris.
1120 2343 1286 2408 Feminini
1308 2345 1424 2409 Aedos
1446 2344 1623 2426 Eeaysaee:

526 2449 606 2532 “pro
633 2449 669 2514 di
694 2450 877 2514 inmortales
902 2450 1032 2530 speciem
1059 2449 1233 2514 humanam
1260 2452 1446 2516 inusitatam
1469 2439 1625 2534 eprepiam

524 2557 692 2640 iadipnam
715 2556 804 2622 clade
824 2563 852 2621 et
873 2555 1130 2638 aqualitudine'’.’

391 2661 465 2729 Non
483 2663 639 2747 estquod
657 2663 836 2728 levissimas
856 2684 999 2747 quasque
1017 2663 1194 2748 scripturae
1213 2663 1443 2748 discrepantias
1462 2685 1625 2729 enumere-

390 2792 475 2855 mus,
503 2770 674 2855 quaesere
700 2791 742 2835 ne
769 2769 951 2855 impediunt
978 2768 1107 2853 quidem
1131 2771 1303 2854 quominus
1328 2776 1522 2856 agnoscatur
1545 2772 1624 2855 quid

390 2899 500 2961 varum
519 2878 563 2942 sit
581 2882 637 2942 aut
654 2876 733 2962 qaid
752 2877 908 2961 scriptum
926 2876 1034 2942 fuerit.
1066 2874 1175 2941 Unum
1195 2879 1391 2961 dicacitatem,
1410 2877 1497 2961 quod
1511 2881 1623 2942 tenent

336 2984 366 3040 ὓ
391 2984 467 3050 libri
490 3005 611 3069 omnes,
633 2985 743 3069 quaeri
766 2987 902 3068 oportet,
925 2985 1009 3048 sitne
1032 2984 1079 3049 ita
1099 2988 1185 3048 recte
1204 2985 1360 3068 scriptum
1379 3007 1420 3049 an
1438 3006 1497 3069 pro
1517 3007 1554 3050 eo
1573 2987 1624 3050 in-

389 3094 550 3158 visitatam
572 3090 800 3177 reponendum,
823 3090 910 3174 quod
934 3112 1007 3155 cum
1030 3090 1088 3154 illo
1111 3091 1208 3155 etiam
1230 3091 1308 3155 aiibi
1326 3096 1544 3174 permutatum
1563 3097 1621 3157 est.

391 3197 452 3264 Sed
474 3198 580 3264 critici
602 3198 666 3265 hoc
688 3199 780 3282 quasi
803 3197 922 3262 tradito
945 3201 1082 3262 utuntur
1104 3219 1171 3261 non
1193 3202 1230 3262 ut
1249 3202 1400 3263 tueantur
1419 3199 1474 3263 sed
1492 3202 1530 3262 ut
1547 3198 1622 3265 inde

389 3306 533 3372 efficiant
551 3327 616 3391 quo
636 3327 717 3390 opus
736 3305 780 3370 ait
798 3327 838 3370 ne
857 3305 961 3371 oratio
980 3308 1061 3371 ruat.
1094 3303 1289 3370 Pendentem
1304 3306 1389 3371 enim
1404 3306 1621 3371 accusativum
1636 3331 1664 3372 aa

387 3416 517 3496 speciem
545 3414 719 3479 humanam
747 3435 804 3496 eqs
832 3434 871 3477 ne
900 3435 958 3478 suo
987 3412 1143 3499 regimine
1172 3434 1278 3477 carere
1306 3417 1506 3497 paterentur,
1535 3414 1623 3497 quod

389 3522 460 3586 asni
480 3524 565 3585 esset
583 3542 623 3585 ex
641 3522 839 3585 invisitatam
857 3521 1028 3603 petierunt.
1060 3519 1174 3603 ltaque
1189 3542 1208 3583 a
1222 3520 1334 3585 Bothii
1349 3521 1479 3585 invento
1494 3522 1621 3586 invisito

389 3634 452 3693 tom
475 3629 632 3712 cyreyicm
655 3648 788 3692 exorsus
810 3625 911 3691 Nonii
934 3627 1110 3711 sospitator
1133 3626 1212 3691 haec
1235 3629 1269 3691 in
1293 3628 1469 3711 exemplari
1492 3650 1550 3692 suo
1575 3649 1621 3691 re·

390 3734 620 3819 praesentavit:

515 3863 579 3925 pro
602 3841 638 3906 di
659 3841 858 3907 inmortales!
879 3842 1009 3923 maiam
1032 3840 1205 3905 bumana-m
1229 3841 1391 3906 invisito

521 3955 597 4015 tam
619 3950 787 4032 epre'piam,
809 3948 977 4031 indipncm
1000 3947 1124 4013 scabie
1145 3953 1172 4012 et
1195 3948 1415 4029 sqaditudiae.

391 4052 422 4124 ln
446 4057 568 4144 quibus
590 4055 692 4121 scabie
714 4056 801 4140 quod
824 4056 934 4139 posuit
957 4076 1017 4138 pro
1041 4054 1129 4119 riade
1151 4052 1240 4140 (nam
1263 4053 1326 4118 hoc
1349 4056 1453 4118 inesse
1472 4054 1505 4117 in
1523 4054 1623 4119 libro-

390 4182 455 4232 rum
475 4164 568 4231 dade
580 4162 705 4248 pridem
719 4167 923 4248 perspectum
937 4159 1001 4249 eat)
1015 4161 1239 4245 relinquimus:
1258 4162 1394 4225 alterum
1410 4160 1496 4243 quod
1510 4181 1621 4225 vocem

386 4268 584 4339 affluam
612 4269 766 4335 dissecuit
792 4271 826 4333 in
854 4269 947 4353 duas,
976 4269 1037 4335 etsi
1065 4268 1258 4354 perdignum
1287 4272 1336 4331 est
1363 4288 1481 4353 magno
1510 4266 1622 4333 critico

381 4373 521 4461 facinus,
539 4398 607 4442 non
625 4381 733 4442 tamen
751 4376 820 4441 eius
835 4375 1027 4440 desiderium
1041 4377 1195 4460 explevit:
1214 4374 1315 4439 sensit
1328 4375 1415 4438 enim
1428 4375 1493 4439 iam
1506 4396 1620 4458 parum
1635 4398 1663 4439 so

375 4492 499 4570 aptum
528 4505 598 4549 esee
624 4490 703 4562 tom,
731 4488 764 4547 et
790 4482 934 4546 modeste
961 4482 1129 4546 adnotavit
1152 4481 1234 4546 ‘tom
1261 4482 1398 4546 fortasse
1425 4480 1620 4545 delendum’.

369 4580 560 4658 Deleamus
588 4590 729 4675 ineptam
758 4588 956 4674 particulam.
994 4588 1077 4666 Quid
1105 4594 1175 4653 turn
1203 4588 1336 4671 postea?
1372 4586 1498 4672 Nempe
1525 4588 1622 4671 periit

363 4698 525 4764 eximiae
547 4695 754 4763 divinationis
777 4695 999 4781 probabilitas.
1035 4694 1150 4778 Itaque
1172 4717 1239 4759 rem
1258 4695 1291 4758 in
1310 4694 1415 4760 medio
1435 4717 1531 4779 opere
1549 4694 1622 4759 reli-

359 4807 473 4891 quit,
500 4809 534 4870 et
563 4804 636 4869 aliis
664 4803 901 4869 commendavit
928 4802 1016 4887 quod
1045 4804 1114 4887 ipse
1141 4824 1206 4866 non
1234 4802 1437 4885 probatnisi
1461 4805 1621 4885 exparte.

359 4898 509 4976 Eadem
537 4911 591 4975 via
616 4911 747 4997 longius
770 4913 941 4994 provectus
964 4913 1014 4975 est
1037 4909 1064 4973 is
1088 4908 1143 4992 qui
1167 4910 1364 4993 excogitavit
1388 4907 1475 4991 quod
1499 4905 1621 4971 Onions
1688 4941 1691 4946 ·

359 5031 451 5082 δυο
471 5022 563 5083 textu
585 5018 718 5102 recepit,
741 5018 797 5102 qui
820 5021 856 5080 ut
879 5016 934 5081 ille
956 5014 1151 5101 percupidus
1170 5019 1220 5080 est
1238 5013 1381 5079 Nouium
1402 5036 1497 5098 quam
1517 5034 1620 5076 emen-

360 5117 591 5190 datissimum
614 5123 799 5189 exhibendi:
823 5123 935 5188 scribit
958 5123 1044 5187 enirn

524 5230 590 5297 Pro
612 5233 648 5297 di
670 5230 872 5296 inrnortclea!
893 5231 1022 5312 specim
1044 5230 1217 5295 humanam
1241 5229 1373 5305 invisi,
1397 5228 1451 5291 ita

522 5338 707 5423 limiam,
730 5339 865 5421 indicna
887 5336 975 5402 cldde
997 5357 1035 5401 ac
1057 5337 1275 5420 squalibidiae.
