3925 6675
697 1125 747 1174 nu
765 1124 947 1176 nummu
965 1124 1146 1176 mucuns.
1491 1123 1536 1186 55

301 1287 331 1349 si
356 1285 499 1370 quidex
521 1306 677 1371 responso
700 1285 852 1371 colligere
874 1287 960 1369 licet,
984 1277 1086 1351 οἶσθα
1111 1285 1195 1369 quod
1223 1291 1271 1350 est
1300 1287 1333 1350 in
1361 1287 1536 1371 interroga

301 1394 394 1457 tione
412 1391 623 1477 interpretare
642 1391 843 1479 ‘agnoscisne
862 1415 913 1457 me
931 1391 1112 1476 aspiciens,'
1130 1396 1168 1456 ut
1183 1392 1256 1456 ibid.
1272 1392 1338 1457 283
1357 1392 1397 1458 οὐ
1417 1394 1537 1475 γνοίην

301 1500 347 1563 ἂν
370 1499 545 1564 είσιδοῦσιί
566 1522 631 1564 νιν.
678 1498 722 1563 Et
746 1521 842 1583 quam
865 1497 996 1564 Electra
1019 1499 1232 1581 δυσγνωσίαν
1260 1499 1352 1583 dicit,
1379 1498 1535 1565 Hercules

300 1606 501 1689 δύσγνοιαν,
524 1605 738 1692 cognoscendi
761 1605 987 1671 difficultatem
1010 1609 1101 1670 notat
1125 1626 1208 1688 quae
1230 1604 1403 1689 utrobique
1431 1626 1469 1670 ex
1497 1627 1535 1670 co

301 1714 410 1776 oritur
433 1712 520 1796 quod
543 1716 576 1776 et
597 1711 652 1776 hic
675 1716 708 1776 et
730 1711 787 1777 illa
809 1713 870 1778 οὐκ
899 1705 970 1777 οἶδε
998 1733 1081 1796 quae
1109 1712 1220 1777 voluit.
1266 1710 1352 1776 Haec
1381 1734 1463 1796 quae
1490 1734 1536 1775 se-

299 1821 398 1884 lectis
420 1821 532 1903 paucis
555 1819 711 1903 exemplis
734 1820 942 1884 disseruimus
965 1841 1032 1884 non
1055 1818 1246 1885 confidimus
1269 1819 1333 1884 iam
1352 1820 1536 1885 satisfacere

299 1925 344 1990 ad
376 1926 603 1991 stabiliendam
636 1925 724 1991 illam
753 1947 849 2010 quam
878 1925 1015 1991 dicimus
1046 1920 1123 1990 οἶδα
1150 1924 1239 1990 vorbi
1267 1925 1536 2011 significationem

300 2055 497 2118 versumque
511 2032 573 2097 hoc
586 2033 716 2098 nomine
735 2037 918 2117 suspectum
937 2033 1120 2117 suspicione
1138 2033 1337 2117 solvendum,
1354 2032 1411 2097 sed
1428 2036 1535 2098 tamen

299 2143 432 2204 tantum
455 2140 591 2204 fortasse
614 2138 809 2204 videbuntur
826 2139 941 2222 valere,
962 2161 1004 2205 ne
1024 2138 1243 2224 imprudenter
1261 2137 1431 2204 abiiciatur
1449 2141 1536 2224 quod

300 2267 417 2310 verum
442 2267 512 2310 esso
533 2247 645 2331 possit.
1550 2271 1577 2310 ιι

394 2351 517 2417 Versus
545 2354 635 2436 altor,
663 2374 758 2438 quem
781 2351 1052 2418 Wilamowitzius
1078 2353 1119 2417 ab
1151 2353 1260 2418 eadem
1288 2375 1384 2418 manu
1407 2353 1547 2439 Euripi··

299 2460 382 2524 deae
406 2461 546 2525 orationi
568 2464 712 2525 assutum
736 2481 805 2524 esse
828 2459 952 2541 statuit,
975 2464 1024 2524 est
1045 2459 1139 2524 1162.
1186 2459 1341 2530 Hercules
1364 2462 1536 2546 compertis

299 2589 387 2651 qnae
410 2567 536 2631 insania
558 2570 725 2652 correptus
749 2568 866 2653 egerit,
893 2589 965 2631 cum
991 2588 1098 2631 seeum
1122 2567 1256 2632 consilia
1282 2568 1397 2633 mortis
1424 2568 1535 2655 agitat,

300 2675 334 2738 in
359 2673 414 2738 his
438 2674 690 2760 cogitationibus
712 2673 828 2740 Thesei
852 2675 992 2738 adventu
1015 2673 1166 2738 turbatur
1188 2677 1285 2758 atque
1309 2674 1490 2758 impeditur.

467 2779 537 2847 ἀλλ’
561 2780 716 2864 ἐμποδών
737 2806 795 2863 μοι
818 2785 1017 2862 θανασίμων
1039 2781 1278 2865 βουλευμάτων

468 2892 596 2972 Θησεὺς
619 2886 669 2954 ὅδ’
697 2885 789 2973 ἕρπει
812 2889 976 2971 συγγενὴς
999 2890 1097 2971 φίλος
1120 2885 1149 2950 τ’
1176 2887 1262 2968 ἐμός.

332 2994 422 3059 1155
468 2993 722 3078 ὀφθησόμεσθα,
744 2995 799 3059 καὶ
822 2997 1043 3060 τεκνοκτόνον
1065 2995 1188 3080 μύσος

468 3103 516 3177 είς
538 3099 659 3183 ὄμμαθ’
683 3101 752 3185 ἥξει
777 3102 924 3189 φιλτάτῳ
948 3101 1053 3179 ξένων
1076 3100 1173 3185 ἐμῶν.

467 3213 567 3290 οἴμοι,
590 3213 627 3273 τί
646 3210 772 3290 δρόσοις
795 3217 862 3273 τοῦ
885 3219 998 3272 κακῶν
1021 3207 1161 3293 ἐρημίαν

254 3330 290 3385 14
467 3314 553 3397 εὕρω
576 3316 743 3399 πτερωτὸς
765 3314 785 3399 ἣ
808 3317 890 3381 κατὰ
914 3316 1039 3401 χθονὸς
1061 3317 1187 3397 potuim

466 3420 542 3506 φέρ’
568 3424 665 3488 ἄντι
690 3474 697 3486 .
721 3473 728 3488 .
752 3473 759 3486 .
782 3422 877 3509 κρατὶ
901 3424 1069 3507 περιβάλω
1094 3426 1218 3500 σκότος.

336 3528 423 3593 1160
467 3530 666 3613 αἰσχύνομαι
691 3531 753 3613 γὰρ
777 3541 847 3607 τοῖς
871 3530 1088 3614 δεδραμένοις
1110 3541 1224 3608 κακοίς

467 3635 521 3701 καὶ
543 3637 625 3724 τῷδε
648 3638 896 3719 προστρόπαιον
919 3627 999 3718 αἷμα
1022 3637 1224 3719 προσλαβὼν

380 3779 423 3788 -
467 3739 569 3808 οὐδὲν
590 3754 737 3808 κακῶσαι
760 3745 839 3819 τοὺς
862 3743 1034 3819 ἀναιτίους
1055 3743 1154 3808 θέλω.

318 3844 494 3913 Omittimus
518 3848 582 3914 alia
605 3851 637 3913 in
661 3850 713 3914 his
736 3850 775 3913 de
799 3848 916 3933 quibus
940 3849 1027 3914 haud
1051 3849 1210 3914 inutiliter
1232 3849 1389 3933 disputari
1418 3850 1534 3933 possit:

322 3951 356 4016 de
371 3960 508 4020 extremo
527 3977 621 4020 versu
640 3956 875 4040 dicemusque
894 3955 1022 4020 sublato
1044 3955 1313 4021 Wilamowituiue
1331 3957 1457 4020 duobus
1478 3958 1535 4039 qui

324 4061 500 4137 praecedunt
521 4061 606 4127 hanc
627 4063 765 4128 formam
789 4062 895 4127 induit

466 4170 666 4253 αἰσχύνομαι
689 4171 753 4253 γὰρ
776 4179 847 4245 τοῖς
869 4169 1084 4253 δεδραμένοις
1107 4181 1221 4245 κακοῖς

466 4277 521 4341 καὶ
544 4277 626 4364 τῷδε
648 4280 896 4360 προστρόπαιον
919 4267 1000 4357 αἷμα
1022 4279 1229 4359 προσβαλῶν.

332 4371 372 4439 Sic
390 4383 468 4447 enim
491 4376 645 4468 disputat,
669 4384 832 4468 αἰσχύνην
855 4406 918 4468 qua
942 4405 976 4447 se
995 4381 1100 4447 velare
1119 4384 1209 4467 cupit
1230 4382 1383 4448 Hercules
1402 4406 1439 4449 eo
1459 4406 1536 4449 con·
1549 4407 1577 4447 so

334 4480 408 4551 lineri
428 4490 523 4574 quod,
546 4490 711 4574 quianon
734 4491 823 4574 prius
846 4495 984 4554 mortem
1008 4490 1133 4572 obierit,
1157 4491 1252 4553 etiam
1277 4490 1353 4554 huic
1376 4492 1479 4555 amico
1504 4496 1536 4556 et

336 4600 445 4675 legunto
472 4617 539 4661 non
566 4597 671 4680 possit
697 4620 761 4661 non
785 4597 948 4681 piaculum
976 4620 995 4659 a
1018 4619 1075 4660 sua
1099 4598 1193 4661 caede
1218 4597 1369 4684 infligere.
1418 4596 1479 4662 Sed
1503 4600 1535 4662 in

337 4710 363 4756 θ
381 4721 410 4765 re
433 4703 625 4768 discedimus
652 4728 671 4768 a
698 4704 874 4769 doctissimi
904 4705 964 4767 viri
995 4706 1166 4769 sententia:
1199 4704 1277 4768 duas
1311 4706 1395 4769 enim
1426 4726 1536 4769 causas

338 4819 478 4885 ²gnoscere
501 4810 648 4875 videmur
671 4811 788 4895 quibus
811 4812 916 4875 visum
936 4810 1051 4875 Thesei
1075 4811 1219 4875 devitans
1243 4815 1339 4896 caput
1358 4811 1456 4895 pallio
1482 4811 1537 4876 oo

338 4908 416 4979 *llere
431 4917 563 4982 festinat
581 4916 748 5002 Hercules3
772 4940 907 5002 quarum
926 4920 1016 5002 prior
1035 4924 1083 4983 est
1108 4920 1184 5002 quia
1208 4942 1241 4982 se
1263 4918 1365 4982 videri
1383 4941 1447 4983 non
1467 4920 1537 4982 vult

339 5016 434 5087 nunu
454 5024 549 5089 caede
572 5030 764 5109 perpetrata,
786 5027 887 5090 altera
911 5026 987 5108 quia
1010 5030 1137 5089 veretur
1161 5049 1200 5089 ne
1223 5028 1354 5108 aspectu
1379 5046 1437 5088 suo
1462 5046 1536 5088 con-

340 5119 449 5207 huonis
475 5130 627 5196 damnum
656 5134 758 5198 amico
786 5132 943 5197 allaturus
971 5132 1022 5196 sit.
1072 5131 1132 5196 Illa
1164 5136 1273 5215 aperta
1305 5136 1354 5195 est
1388 5132 1426 5194 iis
1455 5153 1536 5213 quae

341 5221 397 5295 dicit
415 5236 670 5321 ὀφθησόμεσθα,
700 5238 996 5304 καδτεκνοκτόνον
1018 5240 1123 5323 μύσος
1147 5241 1192 5315 εἰς
1215 5236 1335 5320 ὄμμαθ’
1362 5237 1430 5319 ἥξει
1460 5242 1530 5321 φιλ-

342 5333 403 5423 ῐᾶῐφ
422 5342 523 5421 ξένων
546 5344 644 5429 ἐμῶν,
668 5367 772 5430 eaque·
790 5368 864 5430 pars
888 5345 1044 5410 orationis
1064 5346 1210 5411 concludi
1230 5348 1315 5409 recte
1334 5347 1380 5408 sio
1400 5349 1436 5407 ut
1455 5342 1537 5407 nihil

378 5449 489 5498 Voltur
502 5460 611 5508 opuscula
625 5460 656 5500 11.
1306 5453 1322 5499 ὅ
