3925 6675
763 1094 812 1145 na
831 1095 1006 1146 vaasraus
1025 1095 1205 1145 suursurs.
1556 1093 1599 1157 39

363 1257 523 1340 portatis,
555 1277 694 1340 quorum
723 1278 798 1340 pars
829 1257 932 1320 maior
958 1255 1066 1320 Latini
1098 1255 1238 1321 nominis
1271 1258 1495 1340 sociorumque
1523 1261 1599 1338 erat,

365 1363 398 1426 in
426 1363 574 1427 conciliis
601 1364 833 1444 fremebantur,
861 1364 1013 1427 &amum
1039 1384 1160 1427 onnam
1183 1363 1354 1440 dilectibus,
1381 1364 1547 1446 stipendiis
1568 1384 1601 1427 se

360 1470 529 1534 atomos
555 1491 634 1544 essa·
666 1472 833 1550 quotannis
858 1471 957 1550 same
984 1470 1071 1534 clude
1098 1491 1215 1552 caepae
1236 1491 1397 1552 paquara
1430 1471 1528 1534 alios
1560 1471 1600 1533 in

364 1579 444 1640 acic
466 1578 601 1654 occidi,
628 1577 727 1640 otios
750 1577 871 1641 morbo
894 1577 1056 1651 absumi·
1086 1578 1187 1658 inopis
1203 1578 1310 1658 perire
1330 1577 1392 1640 sibi
1414 1579 1522 1654 civem,
1545 1578 1601 1657 qai

364 1684 403 1747 at
426 1685 574 1748 Rerum
597 1684 687 1748 miles
709 1684 802 1748 lectas
822 1686 865 1749 sit
886 1705 981 1764 quam
1004 1685 1060 1766 qai
1082 1684 1122 1747 ab
1146 1684 1250 1748 Poeno
1273 1690 1397 1766 coptus:
1425 1685 1538 1765 qrcppe
1560 1682 1599 1746 ab

361 1790 445 1854 toste
471 1793 575 1871 crutis
600 1793 718 1855 remitti
746 1792 780 1854 ic
797 1793 954 1872 potr-iam,
983 1791 1023 1854 ab
1047 1791 1202 1856 Romanis
1224 1797 1312 1855 extro
1335 1789 1467 1855 ltaliam
1490 1792 1527 1854 in
1549 1810 1600 1854 eo·

360 1897 472 1962 silium
496 1900 600 1962 vatos
622 1919 716 1979 quom
740 1900 776 1962 in
800 1899 949 1962 militiam
971 1897 1123 1980 ublcpari,
1148 1896 1226 1962 haec
1250 1919 1323 1961 vere
1347 1899 1392 1962 ita
1416 1902 1600 1981 comparata

365 2009 439 2068 sunt
462 2009 500 2068 ut
519 2003 686 2069 Ennianae
710 2006 885 2069 sententiae
905 2009 1071 2087 peraptum
1091 2005 1216 2087 aperire
1235 2004 1341 2069 locum
1361 2005 1495 2088 possint.
1538 2001 1598 2067 Ita·

365 2132 424 2193 que
457 2113 586 2195 ineptas
620 2112 749 2194 quidem
782 2112 966 2176 criticorum
1001 2113 1169 2195 opiniones
1197 2114 1360 2195 espemsri
1387 2112 1511 2193 licebit,
1544 2111 1599 2175 sed

365 2223 470 2282 tamen
494 2239 622 2282 versum
641 2219 757 2302 ipsum,
781 2221 872 2282 cuius
890 2241 955 2283 non
974 2241 1071 2283 unam
1091 2219 1146 2283 sed
1165 2220 1273 2302 plures
1293 2219 1476 2284 occasiones
1496 2222 1600 2282 osten·
1615 2245 1641 2284 ιο

368 2325 469 2389 dimus
492 2325 564 2409 pari
587 2347 687 2409 paene
710 2327 779 2389 iure
797 2325 991 2410 probabiles,
1014 2347 1081 2390 non
1099 2326 1155 2389 uui
1175 2325 1258 2390 libro
1278 2331 1365 2389 certo
1385 2324 1598 2389 attribuemus

366 2433 417 2494 sed
441 2434 474 2496 in
495 2433 626 2496 incertis
644 2432 726 2496 ferre
744 2453 924 2518 pergemus.
966 2431 1036 2496 Nea
1056 2454 1130 2496 vero
1151 2433 1220 2515 erit,
1244 2432 1420 2517 opinamur,
1445 2433 1501 2515 qui
1521 2430 1599 2496 haec

369 2559 386 2601 a
412 2539 509 2604 nobis
541 2540 701 2603 inutiliter
733 2561 802 2603 esse
836 2539 1015 2621 composita
1042 2544 1170 2625 arguat,
1203 2539 1319 2622 quibus
1348 2543 1464 2603 natura
1491 2544 1607 2603 tamen

372 2645 539 2714 Ennianae
556 2647 732 2711 sententiae
760 2647 920 2711 aestimari
949 2654 1035 2710 recte
1059 2647 1210 2729 potuerit.
1252 2644 1405 2730 Quisquis
1429 2647 1513 2710 enim
1537 2646 1600 2710 fuit

372 2755 421 2835 qui
442 2754 523 2818 haec
546 2754 673 2836 dixerit,
696 2776 735 2817 ex
758 2754 903 2818 oratione
927 2775 964 2816 ea
989 2758 1116 2836 sumpta
1141 2775 1209 2816 esse
1233 2758 1265 2817 et
1289 2775 1352 2837 que
1376 2758 1481 2817 mente
1505 2753 1539 2816 in
1562 2776 1599 2817 ea

375 2862 508 2925 oratione
532 2861 617 2925 elata
640 2862 761 2925 fuerint
784 2862 847 2924 iem
870 2860 995 2943 liquido
1019 2865 1161 2944 apparet.

455 2968 483 3032 2.
516 2965 684 3032 Secundus
707 2969 801 3031 nobis
825 2973 893 3032 esto
918 2989 1028 3030 versus
1053 2965 1148 3053 (160)

525 3074 626 3140 Notis
647 3076 731 3140 aude
751 3075 853 3155 sereret
873 3076 995 3156 fredeis
1017 3077 1156 3156 citusque
1173 3096 1384 3156 propopmem·

385 3199 461 3261 quem
488 3180 630 3264 Nonius,
659 3184 714 3265 qui
743 3182 831 3245 solus
860 3185 909 3245 est
937 3183 1005 3245 eius
1034 3187 1158 3263 auctor,
1192 3182 1240 3245 bis
1268 3182 1378 3246 attulit
1407 3182 1479 3268 (64,
1499 3183 1542 3246 32
1566 3189 1598 3247 et

387 3284 494 3374 2‘21,9)
517 3288 643 3354 loribus
668 3287 795 3373 quidem
819 3290 953 3353 maculis
976 3310 1141 3374 aspersum
1161 3289 1217 3353 sed
1235 3293 1271 3353 ut
1289 3311 1364 3354 vera
1384 3294 1415 3354 et
1434 3291 1639 3375 primitivam

359 3392 471 3460 tienne
492 3418 603 3460 versus
626 3397 777 3482 ambigua
800 3418 869 3460 esee
891 3418 956 3459 non
976 3398 1087 3480 possit.
1125 3396 1209 3461 Nam
1229 3419 1286 3461 nos
1305 3419 1345 3461 ne
1364 3420 1450 3463 nunc
1469 3398 1598 3482 quidem

385 3518 564 3585 Prtpdqmen,
594 3504 685 3568 cuius
707 3504 779 3567 loco
803 3503 971 3567 novissimi
995 3502 1094 3567 Ennii
1118 3503 1255 3567 editores
1273 3526 1436 3586 propopeo
1459 3506 1509 3569 edi
1534 3530 1598 3571 me-

388 3601 499 3693 luerunt,
522 3610 737 3675 abiiciendum
761 3615 922 3694 putemus,
945 3612 1033 3694 quod
1055 3615 1086 3674 et
1105 3609 1204 3675 Nonii
1224 3612 1380 3676 librorum
1400 3612 1597 3678 iudiciisfi1·-

390 3718 470 3778 metur
490 3739 548 3781 nec
572 3717 758 3783 destituitur
780 3717 914 3792 ratione,
938 3739 1034 3801 quam
1053 3716 1279 3782 Lachmannus
1304 3717 1357 3804 (ad
1373 3719 1464 3783 Luer.
1481 3737 1516 3782 vr
1531 3720 1597 3783 613

391 3836 413 3897 p.
426 3819 525 3909 itte.)
549 3825 711 3910 congestis
735 3823 955 3908 compluribus
979 3826 1047 3888 eius
1067 3824 1188 3889 formae
1208 3825 1393 3890 nominibus
1413 3825 1596 3892 declararit.

391 3919 426 3986 De
443 3933 592 3996 sententia
614 3936 647 3995 et
671 3932 744 3995 sede
769 3954 878 3995 versus
902 3954 961 3997 nec
986 3930 1151 4009 Columna,
1175 3933 1231 4015 qui
1254 3933 1389 3996 mirifice
1413 3933 1447 3997 in
1470 3955 1507 3996 eo
1531 3933 1598 3997 alu-

389 4029 488 4101 emas
514 4044 576 4121 est,
605 4040 775 4122 quicquam
803 4037 972 4123 probabile
1002 4038 1112 4102 attulit
1140 4060 1199 4103 nec
1222 4041 1334 4122 nuperi
1359 4039 1511 4118 editores,
1540 4041 1596 4122 qui

388 4155 490 4209 tenum
507 4147 541 4211 in
561 4147 692 4210 incertis
711 4146 874 4209 annalium
894 4150 1060 4209 recensent
1077 4146 1200 4209 deloco
1218 4148 1328 4210 securi.
1366 4144 1458 4211 Unus
1474 4146 1598 4211 Merula

391 4240 420 4304 de
439 4246 490 4317 hoc
519 4273 649 4337 quoque
677 4275 770 4316 versu
798 4253 935 4336 protulit
962 4274 1028 4316 non
1057 4253 1225 4336 iudignum
1253 4253 1340 4336 quod
1368 4253 1596 4338 perpendatur3

388 4368 461 4430 (luen
477 4359 529 4423 ille
548 4358 712 4424 annalium
732 4364 846 4442 quarto
866 4359 1062 4443 adscriptum
1082 4358 1116 4421 L.
1137 4357 1279 4434 Quinctii
1299 4359 1480 4424 Cincinnati
1499 4361 1597 4425 verba
1611 4389 1638 4428 so

388 4453 421 4516 ab
444 4470 539 4531 aratro
570 4465 610 4529 ad
640 4464 874 4549 suscipiendam
905 4466 1098 4529 dictaturam
1127 4468 1230 4530 vocati
1260 4467 1302 4551 (a.
1321 4490 1352 4531 u.
1372 4466 1451 4552 296)
1480 4468 1597 4532 referre

387 4569 506 4638 obiecit
553 4572 624 4650 Qua
651 4574 682 4637 in
711 4595 747 4636 re
774 4571 915 4654 Livium,
949 4595 1043 4656 quem
1071 4595 1136 4637 non
1167 4574 1326 4655 nominat,
1359 4578 1521 4639 auctorem
1550 4596 1597 4639 se·

390 4673 486 4761 quitum
517 4681 607 4745 cuius
641 4679 737 4744 verba
771 4701 842 4743 cum
874 4680 1024 4744 libertate
1057 4680 1194 4763 quadam
1223 4681 1262 4743 ad
1292 4703 1381 4744 suam
1411 4682 1596 4764 opinionem

387 4778 585 4852 stabiliendam
613 4787 780 4851 convertit.
822 4785 933 4850 Livius
961 4790 1083 4868 autem,
1112 4788 1202 4851 cuius
1232 4787 1329 4851 rerba
1356 4789 1450 4872 plene
1479 4788 1597 4852 adscri-

389 4880 469 4955 benda
488 4894 651 4977 duximus,
679 4892 758 4957 baec
781 4894 897 4971 11126,
917 4894 934 4956 ”l
960 4894 1066 4957 tradit.
1113 4894 1231 4975 Operae
1248 4897 1386 4975 pretium
1410 4901 1454 4959 cst
1475 4896 1595 4972 cudae,

385 4995 430 5069 iti
450 5003 550 5065 obsnio
571 5022 654 5083 prae
681 5002 802 5065 divesis
829 5001 969 5064 tamena
997 5007 1147 5082 apertum
1169 5022 1264 5083 oeque
1285 5002 1395 5066 bonai
1418 5022 1530 5084 scopae
1553 5001 1596 5066 to-

387 5114 441 5163 ss‘m
464 5127 554 5189 oeque
580 5109 690 5172 virtuti
705 5114 823 5188 pedum
845 5128 908 5171 csse
930 5110 996 5171 nisi
1017 5108 1072 5171 ubi
1095 5110 1190 5190 effuso
1213 5108 1352 5190 affluunt
1373 5106 1498 5194 opes*):
1528 5129 1597 5190 spes

459 5332 517 5401 ⁴37)
536 5336 598 5390 Non
623 5337 779 5390 omittimus
804 5336 938 5391 adnotare
963 5336 1029 5390 huic
1052 5336 1179 5402 exordio,
1203 5338 1249 5391 cui
1268 5338 1351 5406 quasi
1370 5336 1490 5406 exempli
1509 5351 1596 5391 causa
