3925 6675
383 2061 458 2135 LII.
485 2061 639 2135 INDEX
667 2063 947 2136 LEGTIONUM
974 2063 1303 2137 HIBERNARUM
1332 2067 1536 2158 1900s1901.

305 2247 326 2303 ⁸
441 2236 631 2322 Repetimus
662 2239 885 2322 procamiandi
916 2260 1014 2304 causa
1046 2261 1128 2323 quae
1160 2243 1234 2305 aute
1268 2239 1328 2304 hos
1361 2261 1416 2306 sex
1449 2261 1574 2306 meuses

342 2343 453 2410 eodem
467 2345 540 2410 loco
558 2346 746 2430 imperfecta
760 2345 971 2411 destituimus.
995 2345 1151 2412 Restabat
1165 2348 1250 2412 euim
1265 2347 1299 2412 in
1309 2345 1431 2432 Hippia
1444 2348 1575 2432 maiore,

342 2473 361 2514 a
389 2473 452 2536 quo
480 2451 609 2537 dialogo
637 2457 708 2516 tum
736 2452 912 2517 disserendi
940 2453 1105 2518 materiam
1132 2454 1295 2538 duximus,
1322 2456 1412 2520 locus
1435 2477 1518 2520 uuus
1541 2458 1575 2520 et

341 2559 436 2642 alter,
463 2558 503 2623 dc
526 2559 644 2643 quibus
667 2559 792 2624 utiliter
814 2582 909 2644 posse
932 2561 1091 2645 disputari
1113 2561 1208 2627 uobis
1231 2561 1413 2645 videbatur,
1436 2562 1575 2626 maxime

342 2670 380 2730 ut
402 2666 443 2730 ad
460 2664 606 2732 Plutonis
629 2665 808 2732 orationem
830 2671 917 2732 recte
938 2667 1178 2752 aestimandam,
1198 2668 1230 2734 id
1252 2667 1339 2752 quod
1357 2672 1426 2734 tum
1445 2691 1574 2753 quoque

342 2772 530 2858 agebamus,
551 2772 701 2838 nonnihil
723 2774 949 2839 conferremus.
987 2773 1075 2851 Quae
1098 2775 1125 2840 si
1150 2775 1202 2840 cui
1225 2775 1321 2840 nimie
1344 2775 1468 2840 minuta
1489 2775 1575 2840 vidc-

342 2879 473 2964 buntur,
495 2884 529 2944 et
546 2885 623 2944 sunt
641 2902 716 2944 saue
734 2881 861 2946 minuta
878 2881 1051 2946 admodum
1070 2884 1103 2946 et
1121 2882 1246 2967 exigua,
1265 2882 1293 2946 is
1312 2901 1419 2946 secum
1438 2884 1574 2966 reputet,

342 2987 410 3051 stili
431 2991 579 3052 naturam
603 2987 745 3052 cuiusvis
768 2986 936 3072 scripturis
959 3009 1026 3054 nou
1049 3009 1143 3072 posse
1164 2989 1293 3073 penitus
1311 2987 1451 3072 perspici
1469 2992 1502 3051 et
1520 3009 1574 3052 ex-

341 3094 467 3178 planari
493 3095 557 3160 uisi
584 3096 696 3159 multis
722 3095 856 3159 minutis
879 3095 976 3160 rebus
1000 3094 1143 3162 collectis
1166 3100 1199 3160 et
1222 3099 1307 3160 recte
1331 3093 1478 3160 iudicatis
1501 3115 1572 3160 suc·
1587 3115 1615 3156 ιο

274 3213 289 3242 ’
341 3221 404 3285 que
424 3199 498 3266 lccc
520 3201 646 3286 positis,
668 3201 805 3266 utillud
827 3223 955 3286 quoque
980 3201 1042 3266 sibi
1066 3201 1159 3284 dicat,
1183 3223 1255 3266 cum
1273 3201 1382 3287 magui
1401 3201 1505 3266 critici
1524 3205 1574 3265 tot

341 3311 486 3373 veterum
504 3309 696 3393 scripturum
714 3307 786 3374 loca
804 3330 862 3373 suo
882 3309 1039 3374 arbitratu
1058 3329 1123 3375 nou
1143 3309 1211 3376 sine
1230 3309 1345 3395 plausu
1360 3308 1574 3395 depravarint,

341 3435 408 3479 nou
430 3436 500 3479 ease
522 3416 610 3501 quod
631 3416 726 3481 uubis
749 3416 933 3481 invideatur
954 3417 983 3480 si
1008 3416 1181 3503 contigerit
1201 3438 1360 3501 perpauca
1378 3438 1478 3501 eaque
1496 3416 1574 3481 levi-

341 3521 453 3585 densia
483 3520 524 3585 ab
557 3522 687 3588 illorum
717 3523 852 3589 decretis
879 3522 1016 3587 liberata
1043 3524 1288 3610 argumentandi
1315 3523 1505 3611 ambagibus
1533 3521 1574 3586 ad

342 3650 433 3693 suam
456 3627 673 3695 sinceritatem
695 3650 853 3695 revocare.

430 3754 451 3799 1.
484 3735 523 3801 lu
541 3735 664 3821 Hippia
686 3738 807 3803 maiore
829 3759 860 3821 p.
879 3738 910 3821 2,
929 3737 973 3801 24
988 3735 1077 3802 Sehz.
1101 3738 1181 3803 baec
1203 3738 1281 3803 olim
1305 3738 1455 3803 inlibris
1478 3738 1573 3803 editis

341 3842 559 3929 vulgabautur

501 3948 557 4014 καὶ
581 3951 651 4035 tcta
672 3948 845 4029 ἐπιδείξεις
867 3951 1069 4033 ποιούμενος
1091 3949 1145 4017 καὶ
1170 3953 1283 4017 συνὼν
1301 3962 1370 4029 τοῖς
1388 3951 1477 4028 νέοις
1495 3954 1573 4035 χρή-

501 4080 586 4141 ματα
612 4058 720 4123 πολλὰ
747 4059 923 4140 εἰργάσατο
950 4056 1005 4123 καὶ
1033 4054 1152 4141 ἔλαβεν
1178 4056 1214 4125 ἐκ
1237 4060 1336 4141 τῆσδε
1359 4068 1417 4141 τῆς
1438 4060 1572 4134 πόλεως.

340 4161 379 4227 Iu
402 4162 521 4247 quibus
543 4164 667 4247 primus
690 4163 826 4229 offendit
849 4163 1000 4247 Cebetas,
1023 4166 1079 4249 qui
1102 4164 1136 4229 in
1159 4164 1358 4249 Mnemosym
1377 4182 1614 4229 nauseante

343 4268 430 4333 1874
447 4292 478 4354 p.
497 4268 564 4334 250
585 4270 658 4335 Ιοοο
682 4269 730 4336 sic
752 4270 913 4355 descripto

714 4380 864 4462 χρήματα
885 4380 993 4443 πολλὰ
1017 4378 1193 4463 εἰργάσατο
1287 4394 1385 4466 ἔλαβεν

714 4482 751 4549 ἐκ
774 4485 874 4567 stude
897 4495 955 4569 τῆς
977 4488 1104 4563 πόλεως

339 4588 420 4655 baec
441 4588 574 4655 subiicit
596 4590 670 4675 (nce
693 4591 779 4655 euim
803 4592 857 4675 qui
878 4591 1077 4657 discentibus
1097 4594 1266 4659 scribimus
1285 4596 1425 4659 rationes
1444 4616 1572 4679 quoque

341 4696 459 4781 quibus
481 4696 532 4761 uei
556 4701 633 4761 suut
655 4697 743 4765 docti
767 4698 994 4763 examinandas
1018 4698 1192 4784 ducimus):
1217 4700 1311 4767 Plato
1330 4702 1504 4785 εἰργάσατο
1524 4704 1573 4769 di-

338 4810 429 4869 serat
445 4810 516 4870 ιιολο
533 4824 602 4871 aaa
631 4804 804 4871 Graeceius
823 4806 858 4869 ιἰι
875 4808 1019 4887 mcrpina
1034 4802 1153 4888 ἔλαβεν
1166 4808 1341 4891 adempsit.
1365 4830 1449 4875 αναο
1461 4809 1574 4892 lcpiter

340 4910 516 4995 εἰργάσατο
528 4912 582 4976 καὶ
594 4914 722 4993 ἔλαβεν.
742 4912 821 4993 quid
834 4914 937 4977 arctius
948 4934 1044 4993 quam
1059 4911 1256 4996 ἐργάζεσθαι
1270 4916 1440 5001 χρήματαὲ
1454 4916 1571 4983 Herod.

340 5035 352 5081 1
371 5018 416 5081 24
432 5015 562 5100 Ἀρίονα
581 5067 611 5083 ..
630 5016 857 5102 ἐργασάμενον
879 5021 1028 5102 χρήματα
1051 5022 1176 5104 μεγάλοι
1199 5027 1257 5087 κτλ
1281 5028 1308 5087 ά
1320 5025 1445 5104 passim
1464 5024 1500 5089 ιἰι
1517 5023 1573 5089 hcc

341 5127 408 5207 ι’μοο
432 5124 579 5191 Ptousa
600 5124 673 5209 icco,
694 5124 788 5191 vetuti
810 5124 913 5191 πλέον
935 5125 1099 5211 ἀργύριον
1122 5126 1186 5194 άπὸ
1211 5130 1332 5212 σοφίας
1356 5136 1521 5215 εἴργασαι,
1545 5138 1574 5197 et

340 5232 423 5297 dccv
445 5230 610 5315 άργάριον
632 5238 808 5315 εἴργασμαι
830 5230 910 5315 ἐγώ,
933 5239 961 5298 et
984 5238 1081 5301 πλεῖν
1104 5232 1124 5317 ἣ
1146 5237 1351 5319 πεντήκοντα
1374 5235 1428 5301 καὶ
1453 5235 1571 5303 ἑκατὸν
1584 5264 1611 5305 ιο

303 5342 324 5399 4
341 5348 425 5423 μνᾶς
447 5339 662 5423 εἰργασάμην,
685 5345 712 5403 et
734 5331 825 5420 οἶμαι
848 5335 905 5422 ἐμὲ
926 5344 1029 5406 πλείω
1048 5344 1196 5426 χρήματα
1214 5343 1391 5425 εἰργάσθαι
1411 5343 1431 5427 ἢ
1450 5344 1572 5423 ἄλλους
