3925 6675
572 1143 622 1192 DE
641 1141 816 1194 VERSIBUS
835 1143 1047 1194 NONNULLIS
1066 1142 1165 1194 Acon
1182 1142 1338 1194 molor.
1506 1141 1572 1206 459

340 1301 558 1368 eRibbeckio
582 1306 689 1368 autem
714 1303 818 1370 denuo
842 1303 1073 1387 commendate,
1095 1307 1172 1388 post
1195 1325 1290 1386 quem
1309 1303 1484 1369 Muellerus
1503 1326 1575 1368 een-

341 1409 413 1474 dem
442 1410 505 1475 sibi
521 1411 725 1476 'sententium
753 1411 929 1496 adrogauit.
971 1409 1018 1476 At
1043 1432 1118 1493 nos,
1144 1414 1182 1474 ut
1208 1411 1375 1475 mittamus
1403 1411 1466 1475 eliu
1493 1433 1575 1495 quee

341 1517 397 1582 isti
428 1517 546 1582 rationi
579 1517 741 1583 adversari
773 1517 936 1602 videntur,
968 1517 1065 1583 verbe
1093 1518 1164 1603 ipse
1184 1524 1312 1600 praesto
1339 1519 1434 1582 elium
1461 1519 1575 1583 adsum

342 1623 420 1709 quid
438 1623 501 1689 sibi
519 1623 621 1689 velint
640 1624 716 1690 dum
736 1624 943 1710 exquirimus,
961 1625 996 1689 id
1012 1625 1107 1690 nobis
1125 1625 1356 1708 persuademus
1373 1623 1464 1689 nullo
1478 1625 1574 1690 modo

341 1753 437 1814 posse
462 1731 496 1796 in
519 1731 674 1796 advenum
698 1730 855 1816 quadrare
879 1733 934 1816 qui
957 1733 1140 1797 sevenisse
1163 1736 1196 1796 et
1219 1731 1283 1796 iem
1306 1731 1417 1796 edesse
1439 1733 1575 1814 nuntiet,

341 1859 445 1922 neque
473 1859 511 1902 eo
538 1838 641 1924 magis
664 1837 705 1904 ed
726 1837 810 1902 hene
832 1861 900 1904 rem
923 1839 1072 1923 apposite
1093 1837 1164 1903 fore
1187 1839 1214 1902 si
1236 1859 1297 1923 pro
1320 1841 1415 1903 dium
1437 1859 1575 1922 reponas

341 1966 389 2010 em
416 1945 497 2009 iarn:
524 1948 627 2010 totum
654 1945 740 2010 euim
767 1944 852 2011 henc
879 1947 1059 2011 orationem
1086 1946 1146 2009 teli
1173 1945 1310 2010 consilio
1338 1945 1426 2029 quali
1452 1966 1576 2011 eeeom·

288 2057 328 2114 12
341 2049 465 2117 mederi
488 2053 603 2117 volunt
625 2056 734 2136 aperte
757 2051 921 2137 refragari.
959 2051 1044 2130 Quid
1067 2074 1145 2138 ergo
1164 2053 1235 2116 est?
1267 2050 1336 2116 Nos
1356 2053 1487 2117 sirecte
1506 2074 1575 2117 sen-

342 2180 413 2224 sum
436 2179 475 2222 ex
498 2157 551 2222 his
574 2157 721 2243 pauculis
743 2160 850 2224 verbis
874 2159 1063 2244 excutimus,
1085 2181 1153 2224 non
1172 2159 1334 2243 hospitem
1352 2160 1575 2242 nescioquem

340 2285 475 2352 peregre
502 2265 723 2331 advenientem
751 2265 862 2331 audire
888 2267 982 2332 nobis
1010 2266 1171 2350 videmur,
1198 2266 1254 2330 sed
1280 2266 1390 2350 potius
1417 2289 1490 2330 eum
1519 2267 1576 2349 qui
1590 2291 1616 2330 ro

341 2376 534 2457 provocatus
558 2393 575 2436 e
599 2372 695 2438 domo
717 2376 755 2438 ut
773 2373 1000 2459 progredietur
1019 2373 1167 2438 audiendi
1187 2393 1282 2437 cause
1293 2377 1382 2456 quse
1401 2373 1577 2438 efferentur

342 2479 514 2564 respondet
532 2501 566 2546 se
584 2483 713 2564 praesto
732 2480 856 2544 edesse:
876 2479 968 2566 quusi
987 2480 1176 2564 provocanti
1193 2480 1253 2545 τὸν
1269 2478 1324 2543 καὶ
1338 2480 1399 2544 τὸν
1413 2478 1449 2544 ἐκ
1463 2481 1576 2561 δόμων

340 2591 457 2668 μολεῖν
478 2587 534 2652 καὶ
555 2598 711 2671 παρεῖναι
734 2588 834 2672 δεῦρο
858 2587 1021 2670 βούλομαι
1039 2587 1136 2652 domo
1154 2586 1364 2673 progrediens
1383 2585 1575 2669 respondeat

341 2693 396 2758 sal
428 2694 469 2778 δὴ
501 2693 644 2779 πάρειμι.
691 2693 778 2758 Huic
810 2695 896 2758 enim
930 2691 1059 2759 Graecis
1090 2694 1312 2778 frequentem
1344 2693 1575 2778 particularum

341 2799 517 2886 iuncturae,
541 2821 605 2885 qun
628 2822 662 2864 se
685 2802 758 2884 quis
780 2799 886 2866 fecere
908 2801 1030 2866 fatetur
1053 2800 1140 2884 quod
1163 2802 1270 2865 iussus
1294 2804 1364 2864 eret
1386 2799 1524 2884 (ἱστόρει
1543 2800 1577 2863 τί

342 2926 395 2972 σοι
424 2910 534 2992 φίλον.
552 2907 563 2992 ΙΙ
580 2905 635 2972 καὶ
664 2909 706 2991 δή
729 2905 759 2972 α’
787 2906 906 2992 ἐρωτῶ.
943 2908 1022 2972 τάδε
1045 2908 1179 2990 φράσαι.
1197 2908 1208 2990 ΙΙ
1226 2905 1279 2970 καὶ
1304 2908 1345 2989 δὴ
1368 2906 1574 2991 πέφρασμαι)

341 3013 535 3098 persimilem
564 3037 632 3078 esse
660 3016 831 3098 opinemur
858 3016 952 3079 diam
978 3013 1184 3097 perticulam,
1211 3013 1308 3078 nimis
1331 3011 1435 3094 illum,
1462 3016 1499 3076 ut
1522 3033 1577 3096 cp-

340 3125 445 3206 peret,
474 3123 653 3207 neglectum
677 3143 695 3184 e
719 3120 835 3204 doctis,
862 3142 925 3204 que
947 3120 1043 3184 nohis
1064 3124 1229 3204 temquem
1253 3119 1432 3184 certissimo
1455 3118 1575 3184 indicio

341 3227 435 3312 prodi
461 3227 589 3292 videtur
616 3227 699 3294 hene
726 3249 795 3292 esse
822 3226 1045 3311 respondentis
1078 3227 1266 3292 orationem.
1302 3225 1353 3291 Ac
1380 3225 1408 3290 si
1436 3225 1509 3309 quis
1536 3224 1576 3289 de

342 3333 463 3401 Graece
485 3336 649 3422 tragoedis
673 3336 724 3400 vel
747 3333 901 3418 Aeschyli
925 3331 1105 3419 choephor.
1123 3357 1152 3398 v.
1171 3331 1238 3398 634
1248 3356 1317 3418 sqq.
1340 3331 1392 3399 vel
1409 3331 1576 3417 Euripidis
1589 3362 1616 3401 ro

341 3440 508 3507 Phoeniss.
527 3442 591 3507 298
603 3464 672 3527 sqq.
689 3440 802 3507 Helen.
816 3442 882 3506 435
892 3464 960 3526 sqq.
976 3441 1192 3506 reminiscitur
1206 3445 1263 3506 eut
1276 3440 1463 3525 inspexerit,
1481 3439 1576 3504 facile

341 3548 403 3613 sibi
432 3550 540 3613 animo
564 3550 738 3615 informare
761 3550 894 3634 poterit,
923 3570 988 3633 quo
1011 3548 1106 3612 modo
1130 3548 1210 3612 haec
1232 3552 1304 3613 ecte
1326 3550 1392 3612 sint
1414 3548 1449 3611 in
1472 3568 1574 3630 soene,

341 3677 413 3721 cum
437 3656 509 3740 quis
533 3656 704 3721 adveniens
727 3660 883 3741 provocet
905 3660 938 3719 et
959 3654 1149 3740 provocanti
1171 3652 1427 3740 respondetur.*)

431 3762 519 3839 Quae
542 3764 570 3828 si
592 3762 805 3847 probabiliter
829 3762 992 3847 disputato
1015 3766 1104 3838 sunt,
1127 3762 1239 3846 negari
1261 3784 1328 3826 non
1351 3762 1483 3845 poterit,
1507 3783 1576 3825 ore-

341 3870 463 3935 tiouem
485 3870 570 3935 hunc
593 3892 688 3954 quem
713 3868 934 3934 dissecuerunt
957 3872 990 3933 et
1008 3868 1043 3931 in
1061 3868 1141 3931 dues
1158 3888 1313 3950 personas
1332 3867 1575 3947 distribuerunt,

341 4000 441 4043 unum
465 3999 535 4042 esse
558 3981 591 4041 et
614 3978 802 4042 continuum
825 3977 920 4040 unius
943 3996 1099 4059 personae
1122 3996 1314 4039 sermonem:
1332 3978 1458 4055 praesto
1480 3976 1576 4038 etiam

341 4086 471 4151 oderem
494 4105 637 4167 deprome
659 4085 736 4165 quid
754 4084 836 4165 fers:
858 4104 935 4147 num
958 4088 986 4146 te
1008 4081 1096 4163 leupo
1119 4083 1194 4145 itere
1215 4100 1306 4145 cerno
1328 4080 1448 4144 vadere.
1486 4078 1574 4155 Quae

341 4214 400 4257 nos
428 4190 504 4257 dum
533 4192 690 4256 curiosius
717 4192 873 4255 rimemur
900 4210 937 4253 ec
964 4188 1192 4272 perspicimus,
1219 4208 1286 4251 non
1314 4208 1486 4270 possumus
1508 4208 1576 4250 non

341 4300 388 4363 sic
415 4298 465 4363 uti
493 4299 614 4383 scripte
641 4302 716 4362 sunt
744 4299 777 4361 iu
804 4296 895 4361 libris
924 4295 1051 4381 integre
1078 4298 1112 4359 et
1138 4295 1260 4359 intecta
1287 4293 1419 4375 hebere,
1447 4293 1481 4355 in
1506 4293 1576 4375 qui-

341 4406 403 4471 bus
431 4404 513 4471 nihil
542 4406 596 4482 sit,
630 4404 714 4489 quod
744 4407 799 4467 eut
827 4402 935 4467 deesse
963 4406 1020 4467 eut
1047 4422 1213 4485 superesse
1241 4402 1341 4484 dices,
1372 4398 1456 4464 nihil
1488 4400 1575 4484 qnod
1588 4428 1616 4468 so

342 4534 408 4577 non
435 4511 589 4577 mutando
615 4532 743 4575 necesse
766 4512 809 4575 sit
832 4511 865 4575 in
889 4508 1030 4575 deterius
1053 4512 1206 4574 mutetur.
1243 4506 1315 4584 Quo
1338 4506 1440 4593 magis
1464 4528 1576 4571 ceven-

341 4617 417 4685 dum
451 4622 512 4705 est,
541 4640 582 4683 ue
614 4639 686 4683 cum
719 4638 867 4682 numeros
897 4615 1004 4681 verbis
1031 4614 1195 4681 reddimus
1223 4635 1465 4698 corrumpamus
1493 4636 1575 4697 quoe

341 4726 471 4813 egregie
494 4730 578 4791 sunl.
610 4724 771 4790 Videntur
793 4728 899 4788 eutem
923 4722 1003 4789 heeo
1020 4724 1110 4787 nullu
1127 4720 1252 4806 syllebu
1270 4725 1395 4785 mutate
1413 4721 1448 4785 in
1465 4724 1575 4806 pente-

342 4836 478 4899 metrum
503 4831 702 4899 trocheicum
725 4830 824 4897 coire:

387 4938 519 5007 Proeto
536 4940 631 5005 elium
649 4940 781 5005 odeum:
799 4936 943 5019 exprome
960 4937 1038 5019 quid
1053 4938 1135 5018 fers:
1152 4935 1230 5001 edm
1247 4941 1277 4999 te
1293 4934 1383 5017 leupo
1398 4937 1474 4999 llere
1487 4954 1575 4999 cerm

1410 5040 1529 5106 odclere.

432 5208 476 5276 2³)
495 5204 559 5277 [GP.
578 5204 672 5259 Pleuti
692 5202 772 5274 Cept.
788 5207 838 5255 977

484 5293 543 5350 ΗΕ.
563 5294 741 5361 Phclocrctes,
758 5308 810 5362 prr
828 5296 906 5346 heum
925 5298 950 5345 te
967 5291 1079 5363 ponium
1097 5290 1212 5355 obrem,
1230 5289 1283 5354 eci,
1303 5294 1328 5342 te
1346 5287 1413 5341 colo.

485 5382 541 5439 PH.
562 5384 653 5455 Παρία
671 5384 778 5448 adsum,
795 5382 821 5436 si
839 5380 906 5450 quid
925 5396 965 5435 me
983 5380 1034 5445 ors,
1051 5378 1177 5450 impero]
