3925 6675
517 937 815 990 ossnsvassonns
834 936 1002 987 carneas
1019 936 1058 986 IN
1078 935 1277 986 SOPHOCLIS
1296 935 1498 986 ELECTRAM.
1561 932 1622 997 161

481 1099 512 1164 3.
545 1099 656 1164 'lertio
683 1099 756 1163 loco
784 1120 823 1162 ex
851 1097 961 1162 eadem
985 1096 1115 1161 Electra
1139 1097 1349 1180 proponimus
1373 1095 1450 1160 haec
1474 1095 1513 1160 de
1537 1094 1627 1160 chori

384 1211 489 1272 cantu
514 1227 597 1290 quae
619 1206 693 1270 inde
716 1228 735 1269 a
757 1227 786 1269 v.
805 1204 871 1268 495
894 1203 1055 1291 leguntur.

768 1315 832 1395 πρὸ
856 1310 965 1376 τῶνδέ
986 1313 1039 1375 τοί
1060 1308 1093 1392 μ’
1120 1307 1186 1394 ἔχει

769 1420 893 1503 μήποτε
916 1416 1043 1502 μήποθ’
1069 1417 1150 1501 ἡμῖν

769 1522 888 1609 ἀψεγὲς
910 1531 994 1611 meld
1016 1525 1112 1609 τέρος

768 1642 837 1709 τοῖς
861 1634 965 1717 δρῶσι
988 1629 1043 1696 καὶ
1067 1632 1268 1715 συνδρῶσιν.

385 1741 438 1805 De
464 1741 584 1825 quibus
607 1760 693 1805 nunc
714 1761 779 1803 non
803 1740 897 1804 aliter
919 1739 1075 1803 sentimus
1099 1743 1194 1822 atque
1218 1739 1296 1802 olim
1320 1759 1393 1802 cum
1416 1759 1453 1801 ea
1474 1738 1520 1802 sic
1543 1744 1629 1802 recte

386 1847 491 1913 scribi
518 1847 759 1912 affirmabamus
785 1851 823 1910 ut
851 1868 948 1930 supra
974 1845 1083 1929 posita
1110 1849 1193 1909 sunt.
1243 1844 1322 1920 Quis
1349 1845 1443 1909 uobis
1473 1845 1629 1910 credidit?

386 1953 434 2019 Et
462 1953 548 2019 nihil
574 1954 651 2019 nori
675 1953 885 2018 afferebamus
909 1951 965 2016 sed
987 1952 1198 2016 laudabamus
1222 1974 1292 2016 eam
1316 1952 1508 2036 scripturam
1532 1974 1629 2036 quam

388 2062 431 2125 ab
465 2061 540 2124 aliis
572 2061 780 2126 constitutam
812 2061 883 2144 ipsa
910 2058 1125 2124 probabilitas
1158 2063 1195 2123 ut
1227 2059 1437 2143 opinabamur
1465 2059 1627 2123 suadebat.
1643 2084 1670 2124 ro

388 2167 478 2232 Nam
501 2168 647 2252 profecto
672 2167 727 2251 qui
749 2165 847 2231 buius
871 2170 983 2232 cautus
1003 2167 1064 2230 iter
1082 2189 1101 2230 a
1119 2167 1279 2250 principio
1297 2170 1486 2250 persecutus
1506 2166 1629 2248 fuisset,

388 2274 509 2339 deinde
537 2295 619 2359 quae
641 2272 848 2337 Laurentium
876 2273 993 2338 codicis
1024 2271 1102 2337 fides
1131 2272 1261 2338 exhibet
1288 2274 1352 2354 πρὸ
1381 2272 1489 2337 τῶνδέ
1515 2297 1566 2337 τοι
1593 2271 1625 2355 μ’

388 2378 460 2466 ἔχει
486 2377 614 2464 μήποθ’
645 2381 724 2464 ἡμῖν
749 2379 869 2463 ἀψεγὲς
891 2383 997 2444 πελᾶν
1020 2377 1115 2464 τέρας
1138 2390 1207 2456 τοῖς
1230 2381 1334 2462 δρῶσι
1358 2377 1412 2444 καὶ
1437 2381 1630 2463 συνδρῶσιν

389 2510 458 2552 non
491 2491 648 2573 occupata
679 2491 785 2551 mente
813 2486 1030 2571 perspexisset
1057 2487 1291 2573 diligenterque
1320 2490 1522 2570 temptasset,
1555 2510 1629 2552 eum
1727 2546 1730 2551 .

389 2595 542 2660 dubitare
560 2615 628 2660 nou
645 2615 741 2679 posse
758 2594 959 2678 putabamus,
978 2593 1148 2658 mulierum
1162 2593 1404 2677 Mycenensium
1422 2598 1561 2657 mentem
1577 2594 1628 2658 his

388 2702 459 2766 fere
481 2701 590 2766 verbis
609 2722 792 2785 expressam
810 2701 921 2785 teneri,
944 2699 1113 2784 τοιγάρτοι
1132 2725 1171 2784 με
1190 2697 1267 2785 ἔχει,
1289 2703 1413 2784 μήποτε
1432 2699 1528 2785 τέρας
1547 2706 1631 2786 astet

388 2820 462 2885 τοῖς
484 2810 588 2892 δρῶσι
606 2806 661 2873 καὶ
680 2809 1003 2892 contemnamque
1022 2807 1192 2872 desiderari
1213 2807 1253 2871 ad
1272 2804 1338 2890 ἔχει
1358 2808 1490 2871 verbum
1510 2829 1628 2872 nomen

389 2913 604 3001 amenum),
627 2915 718 2980 cidus
740 2917 790 2979 vis
812 2916 902 2979 verbi
925 2937 965 2978 ex
984 2936 1018 2978 re
1037 2915 1107 2999 ipsa
1126 2916 1370 2999 perspiceretur,
1395 2936 1468 2978 cum
1487 2936 1630 3000 praeser-

389 3023 452 3086 tim
476 3043 559 3106 quae
581 3021 656 3087 inde
679 3043 834 3106 suspensa
856 3026 905 3086 est
923 3021 1084 3086 sententia
1101 3043 1120 3084 a
1137 3024 1261 3105 μήποτε
1280 3022 1439 3105 particula
1457 3026 1546 3086 recta
1565 3045 1630 3088 cer-

389 3129 518 3194 tissime
537 3129 676 3213 duceret,
694 3151 788 3194 nemo
807 3134 844 3193 ut
863 3129 1026 3214 ambigere
1045 3133 1154 3212 posset
1174 3128 1266 3212 quale
1285 3150 1403 3192 nomen
1423 3130 1629 3215 cogitaretur.
1645 3155 1672 3194 ιο

389 3232 507 3319 Itaque
526 3236 574 3302 sic
587 3235 744 3327 rationem
759 3237 984 3319 conclusimus,
997 3239 1035 3300 ut
1049 3237 1152 3300 oratio
1168 3240 1336 3318 constaret,
1355 3257 1437 3320 quae
1451 3237 1630 3302 labeculam

390 3345 493 3408 traxit
514 3345 550 3407 iu
573 3344 728 3408 memoria
750 3342 878 3424 codicis,
900 3344 984 3408 nihil
1005 3344 1126 3427 requiri
1149 3344 1212 3407 nisi
1235 3347 1272 3407 ut
1295 3350 1400 3408 πελᾶν
1424 3344 1511 3429 quod
1534 3344 1630 3408 nihili

391 3454 479 3514 esest
500 3453 534 3514 et
556 3471 636 3516 sano
659 3451 767 3514 sensui
788 3450 959 3515 manifesto
982 3450 1199 3536 refragaretur
1220 3451 1386 3516 lenissimo
1411 3451 1505 3516 modo
1527 3455 1631 3516 muta-

390 3560 483 3621 retur
503 3558 540 3621 in
561 3561 653 3644 τελᾷ,
675 3578 772 3641 quam
795 3557 932 3622 formam
954 3556 1044 3621 verbi
1069 3559 1139 3641 ipsa
1162 3558 1339 3622 sententias
1358 3562 1521 3622 structura
1540 3558 1630 3643 flagi-

357 3658 493 3748 thret,
519 3685 725 3729 numerorum
754 3669 861 3729 autem
888 3686 1050 3748 mensura,
1079 3687 1174 3749 quam
1198 3686 1343 3728 mancam
1368 3665 1500 3728 tradidit
1524 3666 1633 3755 sodex,

393 3775 431 3835 ut
455 3770 669 3855 suppleretur,
691 3771 897 3836 verisimilius
921 3794 985 3836 non
1008 3792 1103 3855 posse
1126 3772 1264 3836 inveniri
1286 3794 1382 3856 quam
1403 3771 1490 3854 quod
1510 3772 1544 3835 in
1562 3772 1631 3855 qui-

393 3876 532 3942 busdam
550 3876 714 3942 codicibus
731 3878 920 3943 inchoatum
938 3882 996 3961 est,
1015 3881 1053 3942 ut
1072 3880 1171 3943 semel
1190 3880 1346 3963 scriptum
1365 3879 1399 3941 in
1414 3877 1630 3942 Laurentiano

394 3986 521 4068 μήκοτε
548 3984 773 4070 geminaretur.
814 3983 902 4061 Quas
931 3984 1062 4068 quidem
1090 3985 1264 4071 geminatio
1292 3984 1388 4049 huius
1418 3988 1450 4048 et
1478 3984 1631 4048 similium

486 4213 548 4283 ’l8)
567 4212 649 4279 Quod
668 4212 698 4266 in
717 4214 831 4268 scholiis
850 4214 887 4268 ad
906 4232 929 4267 v.
945 4221 997 4267 495
1017 4215 1071 4283 πρὸ
1086 4213 1174 4269 τῶνδέ
1187 4212 1230 4268 τοί
1244 4213 1272 4283 μ’
1292 4214 1347 4284 ἔχει
1361 4217 1475 4284 praeter
1489 4214 1546 4268 alia
1561 4214 1632 4269 haec

399 4300 545 4356 amissio
568 4302 659 4357 sertin·
681 4302 750 4372 ἔχει
768 4302 909 4369 θάρσοςτ
932 4302 964 4359 τό
983 4324 1036 4359 τοι
1057 4305 1209 4373 σύνδεσμος
1228 4302 1533 4373 παραπληρωματικύς,
1557 4305 1632 4358 unde

401 4389 546 4445 merum
573 4390 603 4444 iu
627 4390 828 4461 scripturarum
851 4409 968 4447 recensu
992 4392 1047 4463 ἔχει
1070 4392 1178 4461 θάρσος
1200 4395 1347 4461 tamquam
1370 4393 1541 4447 scholiorum
1567 4394 1632 4446 scri-

403 4482 514 4546 pturam
530 4479 623 4547 refert,
642 4479 677 4534 de
696 4479 779 4533 huius
798 4480 899 4535 scholii
916 4482 1025 4535 rabone
1044 4499 1100 4535 non
1119 4485 1195 4536 recte
1213 4482 1334 4535 iudicari
1352 4482 1476 4548 videtum
1497 4483 1572 4551 qnod
1593 4484 1634 4535 sic

406 4567 549 4634 opinamur
564 4567 743 4623 scribendum
762 4571 806 4622 est
823 4568 904 4640 ἔχειε
923 4569 1041 4636 θάρσος,
1061 4570 1163 4623 deinde
1182 4571 1310 4639 sequitur
1329 4570 1419 4625 altera
1434 4572 1580 4625 adnotatio
1596 4572 1633 4624 ad

409 4654 522 4710 eundern
539 4673 646 4712 versum
665 4658 715 4712 ssd
733 4657 770 4711 ad
788 4677 832 4713 τοι
850 4658 1019 4726 particulam
1038 4659 1181 4728 pertinens
1201 4656 1231 4712 τό
1250 4680 1303 4714 τοι
1322 4659 1474 4728 σύνδεσμος
1492 4680 1520 4714 ιι,
1555 4660 1634 4713 Nihil

411 4741 456 4795 hic
472 4744 600 4814 interpres
618 4745 674 4799 nisi
693 4744 750 4815 ἔχει
768 4744 876 4817 legerat
894 4746 944 4800 sed
962 4746 1086 4816 intelligi
1103 4747 1209 4815 θάρσος
1223 4748 1339 4801 indicat.
1374 4748 1414 4802 De
1430 4748 1516 4801 simili
1532 4765 1634 4817 genere

415 4830 569 4887 scholiorum
591 4836 621 4889 in
644 4835 787 4905 prooemio
807 4852 830 4887 a.
848 4838 916 4888 1883
933 4853 960 4904 p.
976 4840 993 4888 ὃ
1012 4835 1052 4902 (P.
1067 4856 1077 4888 1
1091 4854 1118 4904 p.
1134 4840 1228 4905 2008.)
1249 4837 1356 4890 dictum
1376 4841 1426 4890 est.
1448 4837 1532 4889 -In
1552 4855 1633 4890 versu

417 4915 565 4989 Βορδοσῑίι,
591 4927 624 4978 ut
645 4924 700 4978 hoc
723 4924 857 4988 addatur,
881 4924 936 4994 ἔχει
958 4924 1083 4993 positum
1107 4927 1150 4977 est
1173 4943 1228 4979 uon
1253 4926 1337 4979 aliter
1360 4929 1446 4994 atque
1470 4927 1499 4978 in
1524 4926 1631 4992 Oedipo

420 5004 450 5057 R
464 5010 509 5061 126
529 5008 586 5067 otoo
608 5010 638 5082 μ’
664 5013 817 5068 ἀκούσαντ’
837 5012 939 5077 ἀρτίως
958 5013 1039 5084 ἔχει,
1063 5015 1160 5081 γύναι,
1184 5024 1276 5084 υυχῆς
1299 5015 1431 5083 πλάνημοι
1451 5014 1635 5081 κάναιάνησις

423 5106 529 5163 W,
540 5101 591 5156 nisi
604 5103 681 5172 quod
694 5102 724 5157 in
738 5102 850 5158 Electra
864 5102 936 5156 nihil
951 5103 1072 5156 nominis
1087 5104 1217 5157 additum
1232 5108 1275 5158 est
1289 5103 1401 5157 utnihil
1411 5103 1632 5157 desiderabatur.

343 5181 345 5192 ’
427 5180 465 5234 3¹
480 5186 537 5249 lant
553 5192 618 5246 sico
635 5193 694 5247 keo
712 5193 781 5247 bein
799 5192 921 5260 Sctopfs,
940 5192 1034 5259 inquit
1053 5192 1220 5261 Margareta.

476 5279 584 5330 riatur
597 5292 709 5341 opuscula
721 5291 753 5332 H.
1369 5288 1400 5335 11
