3925 6675
545 1115 596 1166 nu
614 1114 791 1179 venereus
809 1114 1020 1166 uonrrmma
1038 1104 1136 1165 icen
1153 1114 1309 1166 Tasurci.
1479 1107 1543 1174 457

308 1275 461 1342 Euunch
479 1293 518 1341 ιιι
539 1278 568 1360 1,
585 1276 629 1342 28

605 1382 655 1449 Di
676 1389 812 1450 rostrum
834 1383 942 1466 fidens,
964 1383 1121 1448 hominen
1137 1383 1299 1464 pcrddnm

448 1491 678 1573 ditonumque,
700 1496 728 1556 et
749 1490 842 1556 illurn
863 1489 1058 1573 wodecim.

309 1595 394 1663 lbid.
414 1615 437 1661 v
456 1599 488 1680 4,
507 1597 547 1661 21

448 1703 515 1770 Pro
538 1705 629 1769 deum
651 1704 759 1787 fidem,
784 1705 913 1785 focinus
933 1704 1073 1785 foedum,
1098 1704 1252 1785 infelicem
1276 1705 1546 1788 adriceccrrtulum,

310 1812 433 1896 aliique
451 1832 555 1896 saepe.
588 1809 693 1888 Quare
711 1832 784 1876 cum
801 1810 886 1875 nihil
904 1812 947 1875 sit
967 1810 1053 1895 quod
1072 1808 1206 1875 Accium
1224 1811 1447 1877 eodemmodo
1461 1833 1546 1876 nuno

310 1919 458 1985 loentum
486 1939 555 1984 esse
583 1939 738 2003 negemus
765 1922 822 1982 aut
849 1916 1049 2001 dubitemus,
1074 1920 1280 2002 perspicuum
1302 1919 1341 1982 fit
1362 1919 1442 1984 haec
1465 1940 1547 2003 quas

311 2024 434 2091 tradita
456 2028 533 2090 sunt
551 2024 630 2090 ‘Pro
648 2025 684 2089 di
702 2025 890 2103 inmortales,
913 2026 1043 2106 speciem
1060 2024 1233 2090 humanam
1251 2027 1448 2091 inuisitatum
1466 2047 1547 2109 epre-

308 2135 399 2216 pinnr
422 2133 591 2215 indiyrsans
614 2132 701 2197 clude
722 2138 751 2197 ct
771 2131 994 2214 squdihsdine’
1014 2131 1253 2214 integerrimam
1272 2154 1342 2196 esse
1361 2134 1548 2219 orationem,

312 2240 346 2305 in
374 2261 441 2324 qua
467 2260 526 2304 neo
553 2239 671 2304 mutari
699 2240 872 2323 quicquam
900 2261 1004 2322 neque
1035 2238 1107 2303 addi
1131 2242 1189 2303 aut
1211 2239 1294 2303 demi
1317 2239 1381 2303 nisi
1404 2261 1477 2304 cum
1500 2240 1547 2305 in·
1561 2266 1588 2304 ro

311 2345 399 2432 signi
423 2345 616 2411 dehimemo
635 2347 704 2411 sins
723 2329 834 2430 possit.
866 2345 912 2410 Et
929 2346 992 2411 hoc
1011 2367 1069 2412 nos
1088 2367 1147 2430 pro
1167 2349 1254 2410 certo
1275 2345 1438 2430 habemus,
1457 2346 1547 2431 quid-

312 2452 392 2538 quid
421 2452 461 2517 de
484 2474 579 2517 versu
601 2452 810 2518 instaurando
833 2453 996 2518 statuitur.
1033 2451 1097 2517 Sed
1119 2452 1146 2516 si
1170 2453 1460 2539 circumspicimus,
1484 2476 1548 2538 qua

312 2560 438 2624 ratione
461 2559 559 2624 verba
580 2563 656 2644 apte
677 2560 712 2624 in
735 2581 846 2624 versus
869 2559 1020 2623 distribui
1043 2560 1177 2642 possint,
1200 2580 1266 2624 non
1287 2559 1414 2624 videtur
1432 2561 1547 2625 melius

311 2687 407 2751 posse
426 2667 605 2731 sententiae
624 2670 658 2730 et
676 2667 833 2731 orationis
851 2669 985 2730 naturas
1002 2666 1189 2750 responderi
1208 2689 1304 2750 quam
1323 2669 1470 2750 partibus
1486 2667 1548 2732 hoc

312 2773 410 2840 modo
433 2773 625 2858 dispertitis:

1165 2902 1227 2962 pro
1251 2881 1286 2944 di
1309 2882 1503 2961 inmortales,

447 2987 587 3070 Spe'cscm
613 2988 788 3052 humanum
815 2989 1013 3052 invisitatum
1040 2989 1195 3070 eprc'picm
1222 2988 1391 3070 indipncm
1413 2988 1499 3053 clude
1520 2995 1549 3054 et

1326 3095 1547 3177 squuiitidinc.

315 3199 461 3277 Quorum
481 3222 630 3265 versuum
650 3202 731 3266 alter
748 3206 798 3265 est
815 3205 1015 3284 pentameter
1033 3200 1224 3284 trochaicus,
1243 3202 1277 3264 in
1292 3223 1356 3286 quo
1371 3203 1438 3266 sive
1452 3201 1549 3266 verbo

314 3307 383 3373 sire
408 3311 512 3374 metra
538 3307 714 3393 perspicias
742 3307 824 3374 nihil
851 3329 921 3374 esso
949 3307 1111 3374 fatendum
1143 3313 1191 3374 est
1219 3309 1305 3393 quod
1332 3329 1398 3374 non
1426 3310 1548 3394 optime
1562 3333 1589 3374 ro

314 3414 436 3481 elatum
463 3416 519 3500 sit;
546 3414 603 3480 ills
620 3436 682 3498 pro
704 3416 740 3481 di
762 3416 954 3494 inmortales,
982 3416 1045 3479 nisi
1068 3414 1224 3498 fallimur,
1252 3417 1410 3482 octonarii
1434 3417 1548 3499 exitus,

314 3543 398 3605 qnae
427 3521 462 3587 in
489 3527 634 3588 extremo
662 3523 826 3607 superiore
848 3522 1010 3587 habentur
1032 3528 1070 3586 ut
1092 3523 1178 3607 apud
1201 3522 1386 3588 Terentium
1411 3521 1548 3609 Adelph.

316 3645 355 3692 ιιι
376 3628 470 3713 13,2

797 3737 865 3803 Pro
888 3737 1044 3819 Iuppiter,

450 3843 603 3910 Hominis
623 3843 798 3909 deliniam.

409 3966 454 4015 111.
484 3948 695 4034 impeditiora
721 3955 798 4015 suut
825 3972 907 4035 quae
935 3953 1041 4036 capite
1069 3951 1165 4015 tertio
1189 3951 1439 4034 complectimur.
1482 3952 1549 4016 Pri-

328 4074 409 4119 mum
433 4055 510 4123 haec
532 4078 615 4141 qnae
637 4054 765 4123 Nouius
788 4058 902 4123 scribit
923 4057 978 4122 lib.
999 4076 1061 4122 vni
1085 4058 1141 4141 qui
1164 4063 1214 4122 est
1236 4058 1275 4121 de
1298 4059 1430 4122 mutatis
1455 4057 1548 4122 decli-

334 4161 505 4229 nationibus
527 4186 559 4249 p.
577 4163 658 4249 485,
676 4165 699 4228 4

453 4271 550 4338 ‘iterr‘a
570 4272 711 4354 possem
727 4292 790 4353 pro
812 4274 944 4337 itineris
973 4278 1003 4337 ct
1023 4272 1148 4354 quidem
1170 4277 1247 4337 recte
1269 4272 1309 4337 ab
1331 4293 1364 4335 eo
1386 4272 1470 4352 quod
1491 4273 1550 4335 iter

451 4378 538 4445 iteris
560 4379 652 4460 saci,
680 4380 776 4443 itiner
797 4380 929 4444 itineris.
966 4378 1108 4444 Naevius
1131 4379 1289 4462 Lycrnpo:
1317 4377 1440 4460 “ipnoti
1462 4379 1550 4443 iteris
1563 4400 1590 4441 so

451 4504 567 4565 eumin,
594 4490 656 4550 tute
676 4486 771 4551 scia''.
802 4486 918 4551 Accius
944 4484 1115 4552 Omomco:
1143 4485 1288 4568 “praesto
1310 4487 1405 4550 ctiam
1427 4486 1550 4551 adsim

452 4612 594 4675 werne
619 4592 698 4675 qrcid
716 4593 798 4674 fere:
824 4614 902 4657 nam
924 4599 953 4658 tc
974 4592 1063 4675 hmpo
1086 4594 1160 4657 itere
1182 4613 1271 4657 cerno
1293 4592 1439 4658 cadcrc'’.
1466 4594 1550 4658 idem

455 4699 557 4781 Telcr'o
576 4750 583 4764 .
603 4749 610 4764 .
630 4697 654 4764 .'

320 4777 355 4847 1¹¹
375 4804 493 4878 quibus
506 4812 584 4871 sunt
596 4829 678 4891 quae
692 4829 711 4870 a
724 4805 757 4870 N
758 4806 825 4871 onii
840 4806 1017 4871 editoribus
1032 4828 1096 4870 non
1111 4810 1196 4870 recte
1211 4806 1336 4870 institui
1352 4803 1549 4890 videntur*).

313 4902 399 4928 Χ

408 4929 528 4940 ᾖ...

404 4995 471 5068 ⁸⁸4)
489 4997 563 5054 Nam
576 4998 698 5068 primurn
713 4997 784 5054 baec
797 5014 871 5068 qnae
884 5002 961 5054 reete
975 4999 1081 5069 scripta
1095 5002 1161 5053 sunt
1171 5000 1433 5069 iterispositumpro
1443 4998 1550 5052 itione

287 5063 313 5108 a
327 5079 466 5144 mdes·
477 5095 547 5144 reete
559 5089 595 5143 ao
609 5105 639 5144 so
652 5089 726 5157 quod
743 5089 796 5143 iter
808 5090 885 5144 iteris
898 5090 976 5156 facit,
991 5090 1074 5143 itiner
1088 5090 1195 5143 itineris
1209 5087 1277 5157 quia
1285 5104 1341 5141 non
1351 5085 1551 5140 intellexerunt

262 5149 447 5274 ,gun-Mis
469 5179 569 5247 sporta
591 5177 794 5232 additamentis
817 5177 988 5246 quibusdam
1011 5177 1095 5246 plane
1118 5195 1232 5246 pessum
1255 5177 1404 5241 dedorunt,
1428 5175 1494 5228 dein
1513 5174 1549 5227 ab

252 5245 411 5357 3⁰¹²}ss
431 5266 643 5334 iniudicatum,
661 5267 711 5336 qui
729 5266 849 5322 eandem
867 5267 1039 5321 sententiam
1057 5267 1087 5321 in
1105 5266 1154 5321 lib.
1169 5286 1218 5319 vru
1237 5266 1272 5320 ds
1290 5263 1406 5318 mutatis
1426 5262 1549 5317 declina·

273 5329 444 5412 ⁰¹¹¹bns
457 5374 484 5426 p.
495 5361 558 5425 488,
568 5363 602 5412 19
616 5355 700 5412 affert
713 5374 777 5411 curn
791 5356 821 5411 in
835 5356 936 5411 rnsdiis
951 5356 1087 5425 exemplis
1101 5356 1207 5410 formae
1222 5356 1305 5409 itiner
1318 5352 1413 5406 addit:
1428 5351 1550 5421 equidem
