3925 6675
508 1151 758 1208 demonium
776 1153 816 1202 IN
835 1151 1031 1204 CICERONIS
1050 1151 1208 1204 scamus
1225 1153 1474 1208 PHILOSOPHIS.
1542 1152 1609 1219 333

373 1335 571 1401 quamquam
590 1333 628 1377 ea
645 1333 740 1378 nemo
759 1312 847 1396 quod
864 1313 1004 1378 emamus
1018 1313 1215 1398 vituperavit
1227 1317 1284 1378 aut
1296 1314 1416 1399 reiecit,
1433 1337 1500 1382 uon
1513 1318 1609 1382 nimis

375 1422 457 1486 scite
478 1420 697 1486 conformasse
718 1419 873 1484 rideatur.
910 1418 1001 1486 Nam-
1017 1421 1159 1486 cidenas
1181 1422 1334 1506 quoniam
1353 1444 1418 1487 non
1436 1427 1545 1507 potest
1563 1425 1609 1488 in-

377 1527 482 1614 telligi
507 1527 573 1592 uisi
598 1527 688 1608 optsd
708 1526 874 1592 Plutonem
902 1525 949 1613 (in
972 1526 1065 1592 libris
1088 1527 1249 1614 Platonis)
1272 1529 1414 1594 uidam
1434 1529 1530 1612 lusos,
1557 1529 1609 1596 his

375 1655 473 1718 qnam
500 1655 568 1698 non
595 1637 669 1718 apte
696 1633 945 1718 praemittantur
970 1632 1027 1699 ille
1052 1640 1088 1700 at
1108 1655 1125 1699 c
1147 1633 1281 1700 Plutone
1303 1636 1437 1719 iutellipi
1451 1643 1553 1718 potest
1574 1640 1609 1702 iu

375 1744 488 1825 aperto
511 1744 568 1805 eet.
610 1739 699 1817 Quae
721 1739 818 1806 rerba
841 1761 905 1824 quo
928 1741 1025 1806 modo
1047 1744 1132 1806 recte
1155 1743 1234 1826 poni
1256 1743 1436 1827 potuerint,
1463 1744 1609 1829 exemplo

374 1849 443 1912 sint
456 1847 512 1912 illa
526 1869 608 1932 quse
620 1849 656 1912 in
670 1845 821 1913 Academ.
834 1865 848 1911 1
861 1847 945 1930 4,16
958 1849 1114 1933 leguntur
1126 1849 1229 1916 omnis
1243 1851 1310 1915 ciras
1323 1847 1495 1938 (Socratis)
1510 1854 1609 1918 oratio

377 1961 500 2020 tuatim
522 1955 560 2019 ia
580 1955 694 2020 aesc
714 1954 881 2020 medenda
902 1960 931 2019 et
952 1956 989 2020 ic
1006 1955 1184 2022 hominihus
1201 1957 1246 2022 ad
1262 1958 1388 2022 vinctis
1404 1958 1543 2024 dodican
1561 1979 1609 2024 cc-

374 2061 541 2128 horiacdis
567 2061 812 2141 commutator,
838 2067 875 2127 ut
900 2082 917 2128 c
938 2061 1167 2128 &cadmiam
1194 2062 1285 2129 tetris
1311 2066 1506 2148 mazimeque
1530 2065 1609 2132 Pla·

374 2170 457 2235 mis
474 2168 609 2252 intellipi
619 2173 729 2250 potest.
756 2167 809 2232 Ad
827 2189 938 2234 eorum
955 2191 1103 2234 normam
1116 2168 1174 2234 illa
1187 2171 1239 2234 vel
1253 2171 1300 2236 sic
1313 2169 1445 2236 formari
1459 2177 1609 2255 poteraut

378 2276 515 2359 Gorpiue
541 2281 569 2342 ot
595 2275 761 2359 sophistae,
788 2275 1017 2342 sctcPlatoae
1040 2275 1301 2359 iatollipipotast,
1329 2277 1649 2350 hoisaciuSo-so

374 2388 466 2461 maia,
489 2382 541 2448 rel
562 2404 627 2447 uon
650 2382 757 2448 minus
779 2386 865 2447 recte
887 2386 945 2447 aut
962 2382 1076 2448 Latine
1097 2382 1250 2467 Gorsium
1273 2391 1301 2450 d
1321 2385 1476 2468 sophistas
1496 2407 1513 2452 e
1530 2386 1609 2452 Pla·

374 2495 445 2557 ione
469 2489 604 2572 iutellipi
620 2495 721 2572 polest
742 2489 828 2554 lusos
848 2510 871 2556 a
892 2488 1026 2555 Socrate
1064 2487 1127 2556 Sed
1149 2495 1285 2576 apparet
1306 2495 1457 2557 neutrum
1479 2515 1520 2557 ne
1542 2493 1608 2558 rio·

373 2597 476 2662 lentia
498 2596 627 2680 quidem
650 2597 779 2662 restitui
801 2617 907 2681 posse,
929 2600 963 2661 et
980 2597 1076 2662 nobis
1093 2596 1157 2663 hoc
1174 2597 1334 2684 agendum
1353 2603 1411 2682 est,
1433 2621 1499 2664 uon
1518 2601 1608 2666 utin

338 2703 522 2772 tordinem
545 2724 697 2789 cogamus
720 2703 919 2788 scriptorem,
941 2703 998 2768 sed
1020 2707 1057 2768 ut
1080 2704 1298 2792 intelligamus
1321 2727 1387 2792 quo
1409 2709 1539 2772 nomine
1557 2709 1609 2772 vel

375 2831 440 2895 qna
452 2815 544 2896 parte
557 2834 577 2875 a
590 2811 749 2876 severiore
763 2809 927 2896 cogitandi
940 2811 1134 2895 loquendive
1147 2813 1273 2877 ratione
1288 2813 1460 2878 deflexerit.
1486 2813 1608 2890 Quodsi

374 2918 448 3000 quie
470 2915 549 2982 haec
566 2917 740 2983 attenderit
757 2917 976 2984 accuratiusve
995 2920 1195 3003 perspexerit
1214 2941 1296 3003 quae
1314 2919 1393 2985 dicit
1410 2921 1445 2984 in
1463 2922 1607 2986 eratione

374 3022 414 3088 de
436 3023 572 3110 imperio
596 3022 653 3090 Cn.
677 3023 879 3110 Pompeiil,
899 3025 941 3089 19
963 3047 986 3090 a
1008 3046 1067 3106 quo
1083 3026 1224 3107 periodo
1241 3025 1399 3108 prohihete
1419 3047 1485 3092 rein
1501 3028 1608 3108 pestii-

373 3151 445 3197 com
465 3137 495 3197 d
516 3132 610 3198 mihi
626 3132 777 3211 credite,
799 3133 840 3196 id
856 3133 955 3214 qaod
970 3133 1049 3215 ipsi
1066 3133 1217 3212 videtis,
1239 3133 1313 3198 haec
1329 3133 1408 3216 fides
1425 3139 1517 3216 meres
1533 3135 1608 3200 haec

373 3240 457 3304 ratio
472 3240 692 3322 mauram,
713 3259 794 3320 quae
810 3239 931 3304 Romae
951 3245 1102 3318 uersutm,
1124 3239 1288 3321 implicatu
1310 3245 1355 3306 est
1376 3261 1445 3305 uem
1468 3240 1535 3307 diis
1550 3261 1607 3323 pc-

374 3348 478 3413 cuciis
495 3346 657 3426 Asiaticis,
680 3350 737 3411 aut
759 3345 817 3411 illa
839 3347 872 3409 in
891 3346 1065 3413 Planciaua
1084 3346 1137 3429 36,
1155 3346 1198 3413 89
1221 3348 1259 3411 id
1280 3348 1316 3411 ira
1336 3368 1385 3413 aas
1400 3348 1607 3430 reprehendis,
1620 3376 1647 3419 ιι

373 3454 457 3537 quod
473 3454 642 3537 Q.Meteilo
656 3453 748 3519 laudi
760 3454 870 3519 worn
884 3460 967 3519 est..
980 3474 1079 3535 wem,
1092 3460 1132 3519 ci
1139 3459 1248 3535 potes
1261 3474 1303 3519 cc
1316 3454 1445 3520 multis
1458 3457 1608 3541 audire,

373 3562 430 3645 qai
450 3567 518 3627 tam
539 3562 718 3644 adfuemct,
741 3566 890 3627 constat
910 3562 1111 3627 invitissimis
1127 3563 1208 3626 uiris
1225 3561 1314 3627 bouis
1331 3563 1462 3641 masse,
1484 3563 1518 3627 iu
1538 3564 1607 3647 qui·

374 3666 435 3733 bus
462 3668 540 3733 item
567 3690 680 3752 parum
701 3666 804 3752 polite
826 3668 1046 3751 cumulantur,
1074 3690 1212 3752 quorum
1235 3668 1371 3734 alterum
1394 3674 1504 3733 utrum
1528 3671 1606 3735 setis

373 3778 456 3857 erat,
479 3774 683 3839 similitudini
705 3774 769 3839 hoc
791 3773 932 3839 dandum
954 3796 1025 3840 esse
1047 3775 1216 3858 fatebitur,
1238 3780 1275 3841 ut
1297 3796 1338 3841 ne
1361 3777 1502 3841 severius
1524 3776 1607 3841 iudi·

375 3902 483 3946 cemus
506 3886 563 3946 aut
584 3880 642 3946 illa
660 3880 700 3946 de
716 3880 837 3947 finibus
855 3882 953 3947 verba
970 3886 1028 3946 aut
1046 3904 1084 3946 ea
1102 3905 1121 3946 a
1139 3882 1256 3967 quibus
1276 3883 1384 3947 exemi
1402 3882 1481 3947 haec
1500 3884 1607 3967 dispu-

373 3988 521 4054 tavimus.
558 3986 641 4053 Sunt
668 3992 776 4053 autem
804 3989 901 4053 etiam
923 3989 1000 4072 alia,
1027 3990 1062 4054 iu
1085 3988 1203 4073 quibus
1226 3988 1475 4073 comparabilem
1497 3990 1606 4056 incon·

372 4096 525 4162 stantiam
549 4096 601 4161 vel
619 4097 725 4160 minus
744 4096 894 4161 concluse
913 4094 1091 4160 orationem
1111 4098 1265 4161 structam
1284 4114 1478 4181 cognoscere
1496 4096 1606 4163 liceat:

373 4203 430 4269 sed
452 4224 491 4267 ea
512 4222 599 4267 nuno
621 4202 771 4287 persequi
792 4200 954 4267 nolumus.

462 4308 516 4373 Ad
537 4306 730 4373 Academica
756 4308 911 4390 redimus,
933 4308 969 4373 iu
992 4308 1109 4393 quibus
1132 4331 1205 4375 oum
1229 4309 1357 4393 14,13
1385 4308 1464 4375 haec
1487 4310 1607 4393 scripta

373 4420 480 4481 essent
1619 4445 1646 4486 ao

506 4522 656 4588 Αιιιίοιλι·
682 4523 829 4604 mupister
852 4520 959 4602 Pheia,
988 4542 1122 4607 mopsus
1146 4526 1208 4604 uir,
1235 4531 1271 4589 ut
1292 4530 1326 4589 tu
1348 4525 1510 4590 mistim
1531 4524 1605 4607 ipsc,

505 4636 600 4713 mut
620 4632 656 4695 ic
677 4628 776 4708 loiris,
799 4630 882 4711 qaod
903 4650 1008 4695 coram
1031 4632 1126 4695 dmm
1148 4650 1186 4697 ec
1204 4632 1271 4714 ipso
1288 4632 1501 4711 medietarias,
1525 4632 1607 4698 daus

505 4736 699 4803 Academias
719 4754 783 4803 esse
804 4756 996 4819 morerque
1017 4758 1123 4803 comm
1145 4740 1201 4821 qui
1223 4740 1269 4805 itu
1287 4744 1441 4821 putaram
1458 4741 1604 4823 marcuit.

506 4843 580 4923 Est,
609 4844 726 4925 inquit
756 4849 791 4909 ui
822 4844 918 4921 dicis·
949 4844 1004 4910 sed
1034 4846 1182 4929 iprrorare
1212 4852 1240 4911 te
1269 4867 1334 4912 aec
1365 4846 1501 4911 arbitror
1527 4866 1606 4929 quac

505 4957 635 5017 costra
658 4949 835 5017 Philonis
857 4951 1030 5017 Achaia
1050 4954 1217 5035 empserit,
1665 4944 1668 4951 ’

370 5056 547 5124 Muellerus
569 5078 610 5123 ne
633 5056 706 5142 quis
730 5057 885 5122 titubaret
903 5058 938 5121 iu
955 5058 1007 5123 his
1026 5081 1108 5143 quae
1126 5064 1202 5125 sunt
1219 5066 1326 5125 metha
1345 5058 1499 5139 Philonis,
1523 5082 1604 5144 quos

370 5166 407 5231 in
430 5164 553 5232 deliciis
570 5164 669 5231 habet
686 5186 787 5231 uncos
806 5165 931 5229 nomini
949 5166 1089 5231 incertae
1107 5168 1244 5253 originis
1262 5166 1491 5253 significandae
1509 5188 1606 5233 causa

372 5275 533 5359 apposnit,
552 5294 747 5358 quamquam
767 5270 852 5337 idem
870 5272 905 5336 in
922 5274 1122 5358 praefatione
1140 5274 1181 5339 ad
1199 5273 1230 5338 h.
1249 5273 1270 5340 l.
1289 5274 1469 5358 profitetur,
1487 5295 1520 5337 se
1539 5294 1605 5338 non

371 5382 623 5447 iuteroessurum
655 5380 683 5444 si
715 5379 788 5463 quis
819 5382 878 5443 aut
906 5386 1015 5445 caca
1042 5380 1194 5447 Philonia
1220 5382 1312 5447 malit
1340 5402 1413 5446 cum
1440 5378 1604 5466 Madvigio
