3925 6675
552 1123 604 1174 DE
621 1122 850 1174 mnnsnno
869 1122 1015 1174 MINUOII
1031 1121 1171 1173 FELICIS
1192 1121 1360 1174 OCTAVIO.
1525 1118 1590 1183 113

358 1288 468 1364 morat,
491 1287 529 1348 ut
550 1285 718 1348 mittamus
741 1283 804 1348 alia
828 1305 909 1367 quae
929 1283 1115 1367 interpretis
1135 1303 1244 1348 curam
1263 1304 1395 1367 poscere
1414 1283 1592 1366 rideantur,

361 1410 457 1454 unum
471 1390 728 1477 perstringemus
743 1389 842 1473 brevi,
856 1390 937 1454 illud
951 1389 1038 1474 quod
1052 1393 1196 1453 extremo
1211 1389 1282 1453 loco
1293 1390 1434 1472 positum
1445 1395 1494 1453 est
1503 1387 1591 1477 (10'):

365 1497 436 1576 qaid
455 1497 532 1563 alas
553 1497 654 1563 audes
673 1497 814 1579 fabula,
841 1498 880 1562 de
900 1497 1078 1562 bominibus
1099 1517 1172 1562 aves
1193 1502 1222 1562 at
1241 1498 1328 1578 seras
1352 1521 1430 1555 *a*
1453 1497 1593 1562 barrinas*

370 1604 452 1668 ride
475 1604 654 1670 hominebus
679 1605 804 1670 arbores
830 1610 921 1686 atque
945 1603 1060 1687 flues?
1086 1624 1167 1686 qaae
1187 1605 1217 1668 ai
1239 1609 1336 1669 essent
1355 1605 1443 1684 facta
1464 1605 1591 1686 fieren&

373 1712 436 1790 qaia
456 1712 527 1794 fieri
548 1733 612 1776 noa
628 1717 769 1794 possunt,
791 1712 861 1776 idco
884 1710 957 1795 [nec
979 1710 1077 1795 fiunt]
1100 1730 1155 1775 nec
1175 1711 1262 1791 facta
1284 1716 1366 1775 aunt.
1403 1709 1490 1787 Quae
1514 1710 1590 1774 duo-

377 1814 426 1880 bus
451 1816 531 1883 locis
561 1839 675 1883 manca
704 1840 774 1883 esse
803 1819 873 1882 risa
903 1821 993 1882 sunt:
1023 1816 1125 1882 altero
1155 1817 1337 1881 addidimus
1367 1840 1449 1903 quae
1479 1817 1591 1882 abesse

382 1923 562 2009 putabamus,
579 1945 635 1990 aec
651 1926 740 2008 fiant,
759 1946 860 2009 euque
878 1924 971 1989 facile
990 1928 1065 1989 ante
1082 1944 1138 1989 aec
1151 1923 1289 1988 alterum
1304 1924 1413 1989 omitti
1426 1929 1591 2009 poterant,

386 2030 478 2112 quibus
496 2032 630 2098 adiectis
649 2031 733 2096 ratio
751 2030 959 2096 concludendi
981 2031 1170 2116 absolvitur,
1194 2031 1370 2115 siquidem
1389 2053 1429 2097 ex
1447 2052 1485 2096 eo
1505 2032 1591 2116 quod

390 2134 429 2200 illa
446 2138 510 2203 fieri
532 2161 598 2204 non
621 2143 760 2223 possunt
782 2142 956 2223 utrumque
980 2137 1160 2224 colligitur,
1187 2159 1247 2202 nec
1274 2139 1345 2202 fieri
1371 2159 1476 2222 neque
1505 2138 1592 2203 facta

390 2263 451 2326 esse3
476 2268 534 2311 nec
566 2245 721 2310 dissimile
753 2267 855 2332 genus
887 2245 1101 2309 ratiocinandi
1134 2249 1183 2309 est
1215 2245 1301 2329 apud
1334 2244 1519 2310 Ciceronem
1553 2245 1591 2310 de
1605 2273 1632 2313 io

392 2347 535 2436 lirum,
549 2353 591 2418 97
615 2354 646 2418 ei
667 2355 751 2418 enim
773 2358 848 2418 esset
872 2355 1061 2434 factitatum,
1083 2374 1146 2417 non
1168 2358 1244 2417 esset
1265 2353 1414 2430 desitum·
1436 2355 1591 2419 marinam

392 2462 467 2523 wem
490 2460 638 2525 habemas
664 2467 817 2525 andnam
845 2461 900 2542 pai
926 2460 964 2524 id
990 2465 1046 2524 aut
1071 2461 1143 2542 ficri
1170 2460 1255 2524 dicat
1282 2465 1338 2524 aut
1362 2461 1482 2541 factum
1504 2462 1591 2525 aciat.

395 2559 477 2629 lltero
497 2566 569 2632 loco
593 2567 805 2631 interstitium
824 2566 1046 2651 indicarimus,
1070 2565 1197 2649 explere
1215 2566 1286 2631 ausi
1305 2589 1370 2631 non
1389 2589 1513 2651 sumus,
1536 2567 1591 2631 sed

395 2668 473 2735 tmen
485 2674 528 2738 itu
541 2695 718 2758 censemus,
736 2695 810 2739 oum
825 2673 929 2738 oratio
946 2673 1080 2757 incipiat
1094 2675 1132 2738 de
1144 2673 1322 2738 territoribus
1335 2695 1407 2738 aves
1419 2679 1448 2738 et
1457 2674 1592 2761 fiera8*),

396 2770 479 2842 deinde
499 2803 610 2845 rursus
633 2780 726 2864 plene
749 2781 875 2845 dicatur
893 2782 931 2846 dc
947 2780 1125 2846 bominibus
1143 2781 1267 2845 arbores
1284 2787 1375 2863 atqrre
1391 2781 1491 2863 flores,
1514 2780 1592 2845 haec

396 2898 443 2945 non
459 2889 602 2953 continua
624 2887 725 2952 fuisse
748 2886 907 2973 (alioquin
931 2887 1011 2951 satis
1035 2890 1102 2950 erat
1127 2887 1191 2952 dici
1214 2888 1252 2952 de
1273 2887 1450 2953 bominibus
1472 2909 1544 2953 aves
1565 2896 1593 2954 er

395 2984 466 3070 iffae,
490 2995 613 3060 arborea
641 3001 732 3077 atquc
759 2994 864 3082 flores)
895 2998 928 3059 et
954 2994 1182 3079 interpositum
1209 2996 1349 3061 homines
1374 2995 1495 3059 indicio
1523 3017 1593 3060 esse

398 3095 504 3165 medium
525 3101 679 3186 quiddam
702 3102 905 3166 interiectum
930 3102 1043 3187 fuisse;
1071 3103 1157 3186 quod
1181 3102 1275 3187 quale
1298 3103 1397 3166 fuerit
1419 3104 1447 3169 si
1467 3105 1594 3188 quaeri-

398 3199 441 3283 θα,
457 3206 530 3274 idem
553 3208 693 3274 homines
715 3209 836 3273 indicat
858 3210 1049 3274 mutationis
1077 3210 1260 3293 exemplum
1282 3232 1349 3274 non
1373 3210 1515 3275 eiusdem
1538 3210 1594 3275 sed

398 3314 540 3381 contrariae
563 3315 674 3400 fuisse,
697 3317 788 3382 cuius
812 3317 846 3380 in
864 3314 925 3381 hec
943 3339 1039 3382 causa
1058 3340 1124 3383 non
1143 3316 1282 3383 deterior
1301 3341 1379 3382 usus
1398 3322 1480 3403 erat,
1503 3318 1592 3383 velut
1606 3344 1633 3383 so

397 3422 501 3505 exempli
527 3446 625 3488 causa
652 3424 679 3488 si
707 3446 809 3507 ponas
832 3425 870 3488 dc
895 3425 1073 3491 bominibus
1095 3446 1168 3489 avar
1189 3426 1325 3507 etseras
1349 3425 1457 3510 [etde
1481 3425 1594 3509 lapidi-

396 3516 449 3610 bus]
465 3530 598 3596 homines
620 3537 648 3595 et
670 3531 708 3595 de
728 3531 905 3596 bominibus
927 3532 1051 3597 arbores
1078 3538 1169 3614 atquc
1194 3532 1297 3613 florea,
1329 3533 1505 3596 sententiae
1528 3554 1594 3596 non

395 3626 474 3716 inepte
486 3637 668 3703 consultum
683 3638 843 3722 videatur,
862 3642 895 3702 et
913 3638 941 3701 si
960 3638 1150 3703 hariolando
1170 3639 1305 3704 ulterius
1319 3639 1471 3724 progredi
1485 3639 1594 3725 libeat,

393 3735 464 3806 eliam
483 3744 704 3828 aequabilitati
728 3745 884 3809 orationis
908 3746 1059 3810 satisfieri
1083 3747 1196 3830 possit,
1221 3747 1272 3810 cui
1295 3746 1433 3810 multum
1451 3746 1593 3810 tribuere

366 3842 455 3913 ’tolet
466 3848 633 3933 Minucius,
656 3851 885 3936 mutilataeque
909 3854 1086 3918 sententiae
1110 3875 1205 3917 causa
1224 3855 1342 3937 aperiri
1361 3875 1434 3918 cum
1454 3853 1500 3917 ita
1519 3853 1594 3917 scri·

389 3954 469 4030 pteris
485 3959 521 4023 de
537 3959 715 4023 hominebus
733 3980 805 4024 aces
822 3962 952 4041 etseras
974 3960 1022 4045 [et
1041 3960 1080 4023 de
1099 3959 1261 4043 lapidibus
1276 3981 1312 4023 ac
1328 3960 1478 4023 dentibus
1492 3958 1593 4044 ferae]

389 4054 501 4129 baina
521 4071 550 4129 ct
571 4066 610 4130 de
630 4065 807 4130 bominibus
829 4067 953 4132 arborea
975 4073 1067 4151 atque
1088 4067 1187 4148 florea.
1232 4066 1310 4131 Non
1332 4067 1593 4131 commendamus

388 4168 593 4255 adacturum,
620 4173 705 4236 viam
734 4173 915 4259 significare
943 4174 1107 4257 volumus,
1138 4197 1201 4257 qua
1230 4175 1282 4238 ria
1309 4196 1384 4236 vera
1411 4174 1593 4239 emendatio

388 4268 501 4342 inveniri
522 4280 635 4364 possit.
672 4278 757 4343 Nam
776 4302 857 4365 quae
876 4280 980 4345 adhuc
999 4285 1200 4365 temptarunt
1218 4281 1314 4361 docti,
1337 4304 1356 4343 a
1375 4303 1452 4344 sana
1470 4281 1594 4345 ratione

387 4374 494 4464 longius
511 4385 663 4450 videntur
684 4386 804 4450 abesse.
843 4387 949 4451 Verba
969 4390 1074 4469 factas
1091 4408 1154 4452 case
1172 4387 1344 4451 desiderari
1363 4390 1488 4471 putant,
1513 4410 1594 4470 quae
1608 4411 1635 4451 ao

387 4492 556 4578 usuagis
578 4494 787 4576 requiruntur
811 4516 907 4577 quam
930 4495 970 4558 ad
994 4494 1084 4559 illam
1108 4494 1395 4580 interrogationem
1419 4495 1496 4576 quid
1521 4495 1596 4559 illas

388 4594 470 4660 mles
483 4599 607 4679 fabulae
626 4600 759 4664 verbum
777 4600 887 4683 loquar
905 4601 1118 4666 adiiciendum
1138 4606 1195 4665 est.
1234 4600 1322 4677 Quae
1340 4623 1415 4665 vero
1435 4601 1595 4665 Baehren-

390 4696 445 4762 εἰπε
466 4708 668 4792 excogitavit,
696 4706 885 4791 Hieronymi
916 4710 1014 4772 etiam
1042 4710 1227 4772 testimonio
1256 4708 1389 4792 ebusus,
1420 4730 1483 4792 quo
1512 4708 1595 4772 nihil

391 4805 530 4894 probatur,
548 4835 731 4879 concessam
751 4816 941 4879 coniiciendi
961 4815 1142 4879 libertatem
1162 4816 1328 4879 excedunt.
1367 4813 1429 4879 Sed
1444 4837 1480 4879 ea
1495 4814 1595 4899 pluri-

392 4902 442 4974 bus
459 4918 593 4985 refellere
615 4942 682 4986 non
705 4926 754 4985 est
776 4924 1002 4987 necessarium.

465 5039 505 5089 111„
539 5026 691 5093 Octavius
718 5030 753 5093 in
780 5050 818 5093 eo
847 5022 1020 5114 occupatus
1045 5035 1080 5093 ut
1103 5028 1276 5093 Euhemeri
1299 5030 1437 5093 maxime
1463 5028 1595 5091 rationi-

398 5176 578 5199 x*

468 5286 521 5359 ⁸14)
538 5294 603 5363 [Dio
621 5292 718 5362 Chrys.
733 5301 759 5359 4,
775 5300 825 5348 105
845 5293 936 5361 ὥσπερ
956 5293 983 5347 οἱ
1003 5292 1091 5361 μῦθοί
1111 5312 1180 5363 φασι
1200 5296 1264 5355 τοὺς
1282 5291 1488 5364 μεταβαλόντας
1502 5292 1530 5355 ἐξ
1545 5291 1595 5343 ἄν·

401 5364 499 5430 0041„
514 5380 551 5446 εἰς
568 5382 689 5451 ὄρνιθας
707 5380 724 5451 ἢ
742 5381 852 5455 θηρία]

445 5466 548 5519 ltblul
560 5482 671 5532 opuscula
684 5482 715 5522 u
1366 5481 1381 5523 e
