<?xml version="1.0" encoding="UTF-8"?>
<!DOCTYPE html PUBLIC "-//W3C//DTD XHTML 1.0 Transitional//EN"
    "http://www.w3.org/TR/xhtml1/DTD/xhtml1-transitional.dtd">
<html xmlns="http://www.w3.org/1999/xhtml" xml:lang="en" lang="en">
 <head>
  <title>
</title>
<meta http-equiv="Content-Type" content="text/html;charset=utf-8" />
  <meta name='ocr-system' content='tesseract 3.04.00' />
  <meta name='ocr-capabilities' content='ocr_page ocr_carea ocr_par ocr_line ocrx_word'/>
</head>
<body>
  <div class='ocr_page' id='page_1' title='image "./iohannisvahleni01vahlgoog/iohannisvahleni01vahlgoog_0403.png"; bbox 0 0 3925 6675; ppageno 0'>
   <div class='ocr_carea' id='block_1_1' title="bbox 630 1117 1647 1189">
    <p class='ocr_par' dir='ltr' id='par_1_1' title="bbox 630 1117 1647 1189">
     <span class='ocr_line' id='line_1_1' title="bbox 630 1117 1647 1189; baseline 0.009 -18"><span class='ocrx_word' id='word_1_1' title='bbox 630 1117 810 1171; x_wconf 70' lang='lat' dir='ltr'><strong>sumsimus</strong></span> <span class='ocrx_word' id='word_1_2' title='bbox 828 1119 1024 1171; x_wconf 80' lang='lat' dir='ltr'><strong>PLATONICI</strong></span> <span class='ocrx_word' id='word_1_3' title='bbox 1043 1120 1338 1174; x_wconf 79' lang='lat' dir='ltr'><strong>OBSERVATIONES</strong></span> <span class='ocrx_word' id='word_1_4' title='bbox 1358 1125 1393 1176; x_wconf 90' lang='lat'><strong>11.</strong></span> <span class='ocrx_word' id='word_1_5' title='bbox 1581 1124 1647 1189; x_wconf 85' lang='lat'><strong>395</strong></span> 
     </span>
    </p>
   </div>
   <div class='ocr_carea' id='block_1_2' title="bbox 576 1273 1647 1692">
    <p class='ocr_par' dir='ltr' id='par_1_2' title="bbox 576 1273 1647 1692">
     <span class='ocr_line' id='line_1_2' title="bbox 577 1273 1647 1372; baseline 0.007 -26"><span class='ocrx_word' id='word_1_6' title='bbox 577 1283 771 1365; x_wconf 80' lang='grc' dir='ltr'><strong><em>σκώμμασιν</em></strong></span> <span class='ocrx_word' id='word_1_7' title='bbox 787 1319 789 1325; x_wconf 90' lang='grc'><strong>-</strong></span> <span class='ocrx_word' id='word_1_8' title='bbox 803 1279 957 1365; x_wconf 78' lang='grc' dir='ltr'><strong><em>ἐοικυῖαι,</em></strong></span> <span class='ocrx_word' id='word_1_9' title='bbox 990 1273 1064 1347; x_wconf 78' lang='grc' dir='ltr'><strong><em>οἷον</em></strong></span> <span class='ocrx_word' id='word_1_10' title='bbox 1097 1283 1133 1347; x_wconf 77' lang='lat' dir='ltr'><strong>ui</strong></span> <span class='ocrx_word' id='word_1_11' title='bbox 1153 1281 1400 1368; x_wconf 79' lang='grc' dir='ltr'><strong><em>Ἀριστοτέλους</em></strong></span> <span class='ocrx_word' id='word_1_12' title='bbox 1431 1288 1562 1372; x_wconf 75' lang='grc' dir='ltr'><strong><em>χάριτες</em></strong></span> <span class='ocrx_word' id='word_1_13' title='bbox 1593 1287 1647 1353; x_wconf 83' lang='grc' dir='ltr'><strong><em>καὶ</em></strong></span> 
     </span>
     <span class='ocr_line' id='line_1_3' title="bbox 577 1387 1647 1481; baseline 0.009 -30"><span class='ocrx_word' id='word_1_14' title='bbox 577 1390 765 1473; x_wconf 80' lang='grc' dir='ltr'><strong><em>Σώφρονος</em></strong></span> <span class='ocrx_word' id='word_1_15' title='bbox 791 1387 846 1453; x_wconf 78' lang='grc' dir='ltr'><strong><em>καὶ</em></strong></span> <span class='ocrx_word' id='word_1_16' title='bbox 872 1390 1016 1454; x_wconf 84' lang='grc' dir='ltr'><strong><em>Λυσίου·</em></strong></span> <span class='ocrx_word' id='word_1_17' title='bbox 1048 1392 1085 1455; x_wconf 89' lang='grc' dir='ltr'><strong>τὸ</strong></span> <span class='ocrx_word' id='word_1_18' title='bbox 1110 1392 1172 1474; x_wconf 82' lang='grc' dir='ltr'><strong>γὰρ</strong></span> <span class='ocrx_word' id='word_1_19' title='bbox 1196 1387 1240 1474; x_wconf 78' lang='grc' dir='ltr'><strong><em>ἧς</em></strong></span> <span class='ocrx_word' id='word_1_20' title='bbox 1264 1392 1359 1478; x_wconf 80' lang='grc' dir='ltr'><strong><em>ῥᾷον</em></strong></span> <span class='ocrx_word' id='word_1_21' title='bbox 1382 1395 1428 1459; x_wconf 82' lang='grc' dir='ltr'><strong>ἄν</strong></span> <span class='ocrx_word' id='word_1_22' title='bbox 1451 1419 1510 1471; x_wconf 89' lang='grc' dir='ltr'><strong><em>τις</em></strong></span> <span class='ocrx_word' id='word_1_23' title='bbox 1533 1394 1647 1481; x_wconf 81' lang='grc' dir='ltr'><strong><em>ἀριθ-</em></strong></span> 
     </span>
     <span class='ocr_line' id='line_1_4' title="bbox 576 1495 1646 1581; baseline 0.008 -22"><span class='ocrx_word' id='word_1_24' title='bbox 576 1498 710 1579; x_wconf 82' lang='grc' dir='ltr'><strong><em>μήσειε</em></strong></span> <span class='ocrx_word' id='word_1_25' title='bbox 745 1498 837 1572; x_wconf 92' lang='grc' dir='ltr'><strong><em>τοὺς</em></strong></span> <span class='ocrx_word' id='word_1_26' title='bbox 869 1495 1037 1573; x_wconf 87' lang='grc' dir='ltr'><strong><em>ὀδόντας</em></strong></span> <span class='ocrx_word' id='word_1_27' title='bbox 1069 1495 1089 1580; x_wconf 77' lang='grc' dir='ltr'><strong><em>ἢ</em></strong></span> <span class='ocrx_word' id='word_1_28' title='bbox 1121 1501 1213 1574; x_wconf 89' lang='grc' dir='ltr'><strong><em>τοὺς</em></strong></span> <span class='ocrx_word' id='word_1_29' title='bbox 1246 1499 1485 1581; x_wconf 79' lang='grc' dir='ltr'><strong><em>δακτύλους,</em></strong></span> <span class='ocrx_word' id='word_1_30' title='bbox 1523 1503 1559 1567; x_wconf 87' lang='grc' dir='ltr'><strong>τὸ</strong></span> <span class='ocrx_word' id='word_1_31' title='bbox 1594 1502 1646 1568; x_wconf 77' lang='grc' dir='ltr'><strong>ἐπὶ</strong></span> 
     </span>
     <span class='ocr_line' id='line_1_5' title="bbox 576 1602 1647 1692; baseline 0.007 -24"><span class='ocrx_word' id='word_1_32' title='bbox 576 1613 634 1686; x_wconf 79' lang='grc' dir='ltr'><strong><em>τῆς</em></strong></span> <span class='ocrx_word' id='word_1_33' title='bbox 655 1603 887 1687; x_wconf 74' lang='grc' dir='ltr'><strong><em>πρεσβύτιδος,</em></strong></span> <span class='ocrx_word' id='word_1_34' title='bbox 909 1604 964 1668; x_wconf 76' lang='grc' dir='ltr'><strong><em>καὶ</em></strong></span> <span class='ocrx_word' id='word_1_35' title='bbox 988 1604 1025 1668; x_wconf 88' lang='grc' dir='ltr'><strong>τὸ</strong></span> <span class='ocrx_word' id='word_1_36' title='bbox 1049 1603 1129 1681; x_wconf 82' lang='grc' dir='ltr'><strong><em>ὅσας</em></strong></span> <span class='ocrx_word' id='word_1_37' title='bbox 1148 1602 1238 1682; x_wconf 80' lang='grc' dir='ltr'><strong><em>ἄξιος</em></strong></span> <span class='ocrx_word' id='word_1_38' title='bbox 1256 1602 1299 1689; x_wconf 79' lang='grc' dir='ltr'><strong>ἦν</strong></span> <span class='ocrx_word' id='word_1_39' title='bbox 1318 1610 1433 1688; x_wconf 79' lang='grc' dir='ltr'><em>λαβεῖν</em></span> <span class='ocrx_word' id='word_1_40' title='bbox 1451 1611 1579 1692; x_wconf 81' lang='grc' dir='ltr'><strong><em>πληγὰς</em></strong></span> <span class='ocrx_word' id='word_1_41' title='bbox 1597 1634 1647 1674; x_wconf 93' lang='grc' dir='ltr'><strong>το-</strong></span> 
     </span>
    </p>
   </div>
   <div class='ocr_carea' id='block_1_3' title="bbox 346 1710 1684 5442">
    <p class='ocr_par' dir='ltr' id='par_1_3' title="bbox 346 1710 1684 5442">
     <span class='ocr_line' id='line_1_6' title="bbox 575 1710 1646 1796; baseline 0.006 -21"><span class='ocrx_word' id='word_1_42' title='bbox 575 1710 698 1786; x_wconf 90' lang='grc' dir='ltr'><strong><em>σαύτας</em></strong></span> <span class='ocrx_word' id='word_1_43' title='bbox 720 1714 835 1796; x_wconf 74' lang='grc' dir='ltr'><strong><em>εἴληφε</em></strong></span> <span class='ocrx_word' id='word_1_44' title='bbox 859 1710 1016 1794; x_wconf 73' lang='grc' dir='ltr'><strong><em>δραχμάς,</em></strong></span> <span class='ocrx_word' id='word_1_45' title='bbox 1040 1711 1076 1775; x_wconf 79' lang='grc' dir='ltr'><strong>οἱ</strong></span> <span class='ocrx_word' id='word_1_46' title='bbox 1095 1721 1241 1777; x_wconf 86' lang='grc' dir='ltr'><strong><em>τοιοῦτοι</em></strong></span> <span class='ocrx_word' id='word_1_47' title='bbox 1265 1713 1433 1796; x_wconf 82' lang='grc' dir='ltr'><strong><em>ύστεισμολ</em></strong></span> <span class='ocrx_word' id='word_1_48' title='bbox 1456 1712 1557 1781; x_wconf 75' lang='grc' dir='ltr'><strong><em>οὐδὲν</em></strong></span> <span class='ocrx_word' id='word_1_49' title='bbox 1576 1718 1646 1781; x_wconf 92' lang='grc' dir='ltr'><strong><em>δια-</em></strong></span> 
     </span>
     <span class='ocr_line' id='line_1_7' title="bbox 575 1817 954 1903; baseline -0.008 -19"><span class='ocrx_word' id='word_1_50' title='bbox 575 1818 717 1903; x_wconf 79' lang='grc' dir='ltr'><strong><em>φέρουσι</em></strong></span> <span class='ocrx_word' id='word_1_51' title='bbox 741 1817 954 1899; x_wconf 75' lang='grc' dir='ltr'><strong><em>σκωμμάτων.</em></strong></span> 
     </span>
     <span class='ocr_line' id='line_1_8' title="bbox 370 1908 691 1990; baseline 0.04 -12"><span class='ocrx_word' id='word_1_52' title='bbox 370 1908 499 1987; x_wconf 77' lang='lat' dir='ltr'><strong>Idem</strong></span> <span class='ocrx_word' id='word_1_53' title='bbox 526 1947 552 1990; x_wconf 88' lang='lat' dir='ltr'><strong>c.</strong></span> <span class='ocrx_word' id='word_1_54' title='bbox 573 1942 691 1990; x_wconf 73' lang='lat' dir='ltr'><strong>cchxn</strong></span> 
     </span>
     <span class='ocr_line' id='line_1_9' title="bbox 573 2030 1646 2123; baseline 0.005 -25"><span class='ocrx_word' id='word_1_55' title='bbox 573 2035 752 2118; x_wconf 78' lang='grc' dir='ltr'><strong><em>χρήσονται</em></strong></span> <span class='ocrx_word' id='word_1_56' title='bbox 783 2030 815 2096; x_wconf 90' lang='grc' dir='ltr'><strong><em>δ’</em></strong></span> <span class='ocrx_word' id='word_1_57' title='bbox 849 2032 938 2120; x_wconf 78' lang='grc' dir='ltr'><strong><em>αὐτῷ</em></strong></span> <span class='ocrx_word' id='word_1_58' title='bbox 966 2030 1027 2120; x_wconf 80' lang='grc' dir='ltr'><strong>(τῷ</strong></span> <span class='ocrx_word' id='word_1_59' title='bbox 1055 2041 1180 2122; x_wconf 78' lang='grc' dir='ltr'><strong><em>κυνικῷ</em></strong></span> <span class='ocrx_word' id='word_1_60' title='bbox 1205 2034 1329 2123; x_wconf 78' lang='grc' dir='ltr'><strong><em>τρόπῳ)</em></strong></span> <span class='ocrx_word' id='word_1_61' title='bbox 1363 2034 1416 2100; x_wconf 78' lang='grc' dir='ltr'><strong><em>καὶ</em></strong></span> <span class='ocrx_word' id='word_1_62' title='bbox 1449 2039 1480 2102; x_wconf 78' lang='grc' dir='ltr'><strong>οἱ</strong></span> <span class='ocrx_word' id='word_1_63' title='bbox 1509 2037 1646 2121; x_wconf 80' lang='grc' dir='ltr'><strong><em>ῥήτορές</em></strong></span> 
     </span>
     <span class='ocr_line' id='line_1_10' title="bbox 572 2137 1645 2228; baseline 0.004 -22"><span class='ocrx_word' id='word_1_64' title='bbox 572 2163 666 2222; x_wconf 77' lang='grc' dir='ltr'><strong><em>ποτε,</em></strong></span> <span class='ocrx_word' id='word_1_65' title='bbox 693 2137 748 2204; x_wconf 76' lang='grc' dir='ltr'><strong><em>καὶ</em></strong></span> <span class='ocrx_word' id='word_1_66' title='bbox 776 2137 975 2224; x_wconf 75' lang='grc' dir='ltr'><strong><em>ἐχρήσαντο,</em></strong></span> <span class='ocrx_word' id='word_1_67' title='bbox 1004 2143 1132 2218; x_wconf 86' lang='grc' dir='ltr'><strong><em>Λυσίας</em></strong></span> <span class='ocrx_word' id='word_1_68' title='bbox 1157 2137 1220 2222; x_wconf 75' lang='grc' dir='ltr'><strong>μὲν</strong></span> <span class='ocrx_word' id='word_1_69' title='bbox 1247 2143 1329 2225; x_wconf 82' lang='grc' dir='ltr'><strong><em>πρὸς</em></strong></span> <span class='ocrx_word' id='word_1_70' title='bbox 1356 2145 1415 2208; x_wconf 90' lang='grc' dir='ltr'><strong>τόν</strong></span> <span class='ocrx_word' id='word_1_71' title='bbox 1439 2143 1565 2228; x_wconf 80' lang='grc' dir='ltr'><strong><em>ἐρῶντα</em></strong></span> <span class='ocrx_word' id='word_1_72' title='bbox 1588 2155 1645 2228; x_wconf 79' lang='grc' dir='ltr'><strong><em>της</em></strong></span> 
     </span>
     <span class='ocr_line' id='line_1_11' title="bbox 573 2241 1684 2335; baseline 0.001 -21"><span class='ocrx_word' id='word_1_73' title='bbox 573 2250 675 2333; x_wconf 84' lang='grc' dir='ltr'><strong><em>γραὸς</em></strong></span> <span class='ocrx_word' id='word_1_74' title='bbox 697 2245 804 2331; x_wconf 81' lang='grc' dir='ltr'><strong><em>λόγων</em></strong></span> <span class='ocrx_word' id='word_1_75' title='bbox 827 2246 878 2311; x_wconf 84' lang='grc' dir='ltr'><strong>ὅτι</strong></span> <span class='ocrx_word' id='word_1_76' title='bbox 901 2241 945 2330; x_wconf 82' lang='grc' dir='ltr'><strong><em>ἦς</em></strong></span> <span class='ocrx_word' id='word_1_77' title='bbox 966 2246 1064 2333; x_wconf 80' lang='grc' dir='ltr'><strong><em>όᾷον</em></strong></span> <span class='ocrx_word' id='word_1_78' title='bbox 1082 2243 1230 2335; x_wconf 66' lang='grc' dir='ltr'><strong><em>(ῥηίδιον)</em></strong></span> <span class='ocrx_word' id='word_1_79' title='bbox 1249 2243 1296 2331; x_wconf 77' lang='grc' dir='ltr'><strong>ἦν</strong></span> <span class='ocrx_word' id='word_1_80' title='bbox 1314 2248 1532 2334; x_wconf 77' lang='grc' dir='ltr'><strong><em>ἀριθμῆσαι</em></strong></span> <span class='ocrx_word' id='word_1_81' title='bbox 1552 2256 1644 2329; x_wconf 87' lang='grc' dir='ltr'><strong><em>τοὺς</em></strong></span> <span class='ocrx_word' id='word_1_82' title='bbox 1659 2276 1684 2316; x_wconf 80' lang='grc' dir='ltr'><strong>ιο</strong></span> 
     </span>
     <span class='ocr_line' id='line_1_12' title="bbox 574 2352 1645 2442; baseline 0.001 -21"><span class='ocrx_word' id='word_1_83' title='bbox 574 2356 742 2430; x_wconf 78' lang='grc' dir='ltr'><strong><em>ὀδόντας</em></strong></span> <span class='ocrx_word' id='word_1_84' title='bbox 769 2352 789 2438; x_wconf 82' lang='grc' dir='ltr'><strong><em>ἣ</em></strong></span> <span class='ocrx_word' id='word_1_85' title='bbox 817 2355 912 2430; x_wconf 90' lang='grc' dir='ltr'><strong><em>τοὺς</em></strong></span> <span class='ocrx_word' id='word_1_86' title='bbox 934 2354 1167 2431; x_wconf 88' lang='grc' dir='ltr'><strong><em>δακτύλους·</em></strong></span> <span class='ocrx_word' id='word_1_87' title='bbox 1196 2353 1250 2420; x_wconf 80' lang='grc' dir='ltr'><strong><em>καὶ</em></strong></span> <span class='ocrx_word' id='word_1_88' title='bbox 1275 2357 1338 2439; x_wconf 86' lang='grc' dir='ltr'><strong>γὰρ</strong></span> <span class='ocrx_word' id='word_1_89' title='bbox 1363 2358 1556 2423; x_wconf 86' lang='grc' dir='ltr'><strong><em>δεινότατον</em></strong></span> <span class='ocrx_word' id='word_1_90' title='bbox 1579 2360 1645 2442; x_wconf 82' lang='grc' dir='ltr'><strong><em>ἅμα</em></strong></span> 
     </span>
     <span class='ocr_line' id='line_1_13' title="bbox 574 2459 1252 2546; baseline -0.004 -18"><span class='ocrx_word' id='word_1_91' title='bbox 574 2461 628 2528; x_wconf 79' lang='grc' dir='ltr'><strong><em>καὶ</em></strong></span> <span class='ocrx_word' id='word_1_92' title='bbox 652 2463 865 2546; x_wconf 81' lang='grc' dir='ltr'><strong><em>γελοιότατον</em></strong></span> <span class='ocrx_word' id='word_1_93' title='bbox 888 2459 1029 2545; x_wconf 79' lang='grc' dir='ltr'><strong><em>ἐνέφηνε</em></strong></span> <span class='ocrx_word' id='word_1_94' title='bbox 1052 2461 1113 2544; x_wconf 77' lang='grc' dir='ltr'><strong>τὴν</strong></span> <span class='ocrx_word' id='word_1_95' title='bbox 1136 2470 1252 2546; x_wconf 87' lang='grc' dir='ltr'><strong><em>γραῦν.</em></strong></span> 
     </span>
     <span class='ocr_line' id='line_1_14' title="bbox 388 2549 1645 2656; baseline 0.006 -27"><span class='ocrx_word' id='word_1_96' title='bbox 388 2549 480 2629; x_wconf 71' lang='lat' dir='ltr'><strong>Sed</strong></span> <span class='ocrx_word' id='word_1_97' title='bbox 502 2569 551 2636; x_wconf 88' lang='lat' dir='ltr'><strong>his</strong></span> <span class='ocrx_word' id='word_1_98' title='bbox 572 2567 767 2636; x_wconf 76' lang='lat' dir='ltr'><strong>testimoniis</strong></span> <span class='ocrx_word' id='word_1_99' title='bbox 790 2589 831 2633; x_wconf 87' lang='lat' dir='ltr'><strong>ne</strong></span> <span class='ocrx_word' id='word_1_100' title='bbox 854 2567 991 2632; x_wconf 90' lang='lat' dir='ltr'><strong>nimium</strong></span> <span class='ocrx_word' id='word_1_101' title='bbox 1014 2567 1147 2651; x_wconf 82' lang='lat' dir='ltr'><strong>tribuas,</strong></span> <span class='ocrx_word' id='word_1_102' title='bbox 1170 2590 1228 2632; x_wconf 89' lang='lat' dir='ltr'><strong>nec</strong></span> <span class='ocrx_word' id='word_1_103' title='bbox 1252 2569 1337 2633; x_wconf 92' lang='lat' dir='ltr'><strong>inter</strong></span> <span class='ocrx_word' id='word_1_104' title='bbox 1355 2593 1388 2635; x_wconf 91' lang='lat' dir='ltr'><strong>se</strong></span> <span class='ocrx_word' id='word_1_105' title='bbox 1407 2573 1593 2656; x_wconf 89' lang='lat' dir='ltr'><strong>conspirant</strong></span> <span class='ocrx_word' id='word_1_106' title='bbox 1612 2579 1645 2637; x_wconf 91' lang='lat' dir='ltr'><strong>et</strong></span> 
     </span>
     <span class='ocr_line' id='line_1_15' title="bbox 395 2658 1644 2762; baseline 0.006 -24"><span class='ocrx_word' id='word_1_107' title='bbox 395 2658 441 2728; x_wconf 71' lang='lat' dir='ltr'><strong>in</strong></span> <span class='ocrx_word' id='word_1_108' title='bbox 473 2677 634 2743; x_wconf 80' lang='lat' dir='ltr'><strong>nonnullis</strong></span> <span class='ocrx_word' id='word_1_109' title='bbox 657 2675 698 2740; x_wconf 89' lang='lat' dir='ltr'><strong>ab</strong></span> <span class='ocrx_word' id='word_1_110' title='bbox 717 2673 876 2739; x_wconf 76' lang='lat' dir='ltr'><strong>Athenaei</strong></span> <span class='ocrx_word' id='word_1_111' title='bbox 899 2674 1054 2739; x_wconf 89' lang='lat' dir='ltr'><strong>memoria</strong></span> <span class='ocrx_word' id='word_1_112' title='bbox 1076 2674 1253 2757; x_wconf 77' lang='lat' dir='ltr'><strong>discedunt,</strong></span> <span class='ocrx_word' id='word_1_113' title='bbox 1277 2677 1310 2740; x_wconf 91' lang='lat' dir='ltr'><strong>in</strong></span> <span class='ocrx_word' id='word_1_114' title='bbox 1334 2678 1452 2762; x_wconf 89' lang='lat' dir='ltr'><strong>quibus</strong></span> <span class='ocrx_word' id='word_1_115' title='bbox 1471 2701 1565 2744; x_wconf 89' lang='lat' dir='ltr'><strong>nemo</strong></span> <span class='ocrx_word' id='word_1_116' title='bbox 1586 2680 1644 2744; x_wconf 90' lang='lat' dir='ltr'><strong>cri·</strong></span> 
     </span>
     <span class='ocr_line' id='line_1_16' title="bbox 395 2768 1644 2871; baseline 0.004 -24"><span class='ocrx_word' id='word_1_117' title='bbox 395 2768 550 2850; x_wconf 61' lang='lat' dir='ltr'><strong>binorum</strong></span> <span class='ocrx_word' id='word_1_118' title='bbox 564 2782 721 2849; x_wconf 82' lang='lat' dir='ltr'><strong>Demetrii</strong></span> <span class='ocrx_word' id='word_1_119' title='bbox 739 2781 836 2846; x_wconf 90' lang='lat' dir='ltr'><strong>fidem</strong></span> <span class='ocrx_word' id='word_1_120' title='bbox 856 2780 969 2845; x_wconf 90' lang='lat' dir='ltr'><strong>maluit</strong></span> <span class='ocrx_word' id='word_1_121' title='bbox 984 2803 1080 2865; x_wconf 93' lang='lat' dir='ltr'><strong>quam</strong></span> <span class='ocrx_word' id='word_1_122' title='bbox 1095 2779 1253 2848; x_wconf 82' lang='lat' dir='ltr'><strong>Athenaei</strong></span> <span class='ocrx_word' id='word_1_123' title='bbox 1268 2784 1391 2849; x_wconf 89' lang='lat' dir='ltr'><strong>codices</strong></span> <span class='ocrx_word' id='word_1_124' title='bbox 1406 2787 1506 2869; x_wconf 90' lang='lat' dir='ltr'><strong>sequi.</strong></span> <span class='ocrx_word' id='word_1_125' title='bbox 1529 2785 1644 2871; x_wconf 88' lang='lat' dir='ltr'><strong>Neque</strong></span> 
     </span>
     <span class='ocr_line' id='line_1_17' title="bbox 399 2868 1641 2976; baseline 0.005 -23"><span class='ocrx_word' id='word_1_126' title='bbox 399 2868 567 2957; x_wconf 57' lang='lat' dir='ltr'><strong>bomem</strong></span> <span class='ocrx_word' id='word_1_127' title='bbox 594 2891 651 2976; x_wconf 92' lang='lat' dir='ltr'><strong>qui</strong></span> <span class='ocrx_word' id='word_1_128' title='bbox 679 2887 802 2954; x_wconf 86' lang='lat' dir='ltr'><strong>multus</strong></span> <span class='ocrx_word' id='word_1_129' title='bbox 830 2893 878 2953; x_wconf 87' lang='lat' dir='ltr'><strong>est</strong></span> <span class='ocrx_word' id='word_1_130' title='bbox 906 2888 1100 2954; x_wconf 88' lang='lat' dir='ltr'><strong>incitandis</strong></span> <span class='ocrx_word' id='word_1_131' title='bbox 1124 2891 1335 2975; x_wconf 85' lang='lat' dir='ltr'><strong>scriptoribus</strong></span> <span class='ocrx_word' id='word_1_132' title='bbox 1360 2893 1491 2958; x_wconf 89' lang='lat' dir='ltr'><strong>omnino</strong></span> <span class='ocrx_word' id='word_1_133' title='bbox 1515 2915 1552 2958; x_wconf 89' lang='lat' dir='ltr'><strong>ea</strong></span> <span class='ocrx_word' id='word_1_134' title='bbox 1575 2894 1641 2959; x_wconf 91' lang='lat' dir='ltr'><strong>dili·</strong></span> 
     </span>
     <span class='ocr_line' id='line_1_18' title="bbox 400 2993 1644 3082; baseline 0.002 -18"><span class='ocrx_word' id='word_1_135' title='bbox 400 2995 524 3064; x_wconf 55' lang='lat' dir='ltr'><strong>ssffntie</strong></span> <span class='ocrx_word' id='word_1_136' title='bbox 548 3003 610 3082; x_wconf 89' lang='lat' dir='ltr'><strong>est,</strong></span> <span class='ocrx_word' id='word_1_137' title='bbox 638 2998 689 3062; x_wconf 90' lang='lat' dir='ltr'><strong>cui</strong></span> <span class='ocrx_word' id='word_1_138' title='bbox 713 2995 806 3060; x_wconf 78' lang='lat' dir='ltr'><strong>facile</strong></span> <span class='ocrx_word' id='word_1_139' title='bbox 830 2993 922 3060; x_wconf 89' lang='lat' dir='ltr'><strong>cedas</strong></span> <span class='ocrx_word' id='word_1_140' title='bbox 945 2996 979 3059; x_wconf 94' lang='lat' dir='ltr'><strong>in</strong></span> <span class='ocrx_word' id='word_1_141' title='bbox 1004 2996 1165 3081; x_wconf 82' lang='lat' dir='ltr'><strong>omuibus3</strong></span> <span class='ocrx_word' id='word_1_142' title='bbox 1194 2997 1331 3082; x_wconf 90' lang='lat' dir='ltr'><strong>denique</strong></span> <span class='ocrx_word' id='word_1_143' title='bbox 1355 3004 1510 3082; x_wconf 91' lang='lat' dir='ltr'><strong>quantum</strong></span> <span class='ocrx_word' id='word_1_144' title='bbox 1533 3001 1644 3066; x_wconf 88' lang='lat' dir='ltr'><strong>attulit</strong></span> 
     </span>
     <span class='ocr_line' id='line_1_19' title="bbox 405 3099 1643 3192; baseline 0.008 -28"><span class='ocrx_word' id='word_1_145' title='bbox 405 3099 499 3165; x_wconf 69' lang='lat' dir='ltr'><strong>⁸³tis</strong></span> <span class='ocrx_word' id='word_1_146' title='bbox 522 3111 587 3171; x_wconf 86' lang='lat' dir='ltr'><strong>erat</strong></span> <span class='ocrx_word' id='word_1_147' title='bbox 614 3104 655 3168; x_wconf 87' lang='lat' dir='ltr'><strong>ad</strong></span> <span class='ocrx_word' id='word_1_148' title='bbox 683 3101 908 3168; x_wconf 88' lang='lat' dir='ltr'><strong>declarandum</strong></span> <span class='ocrx_word' id='word_1_149' title='bbox 937 3102 969 3166; x_wconf 93' lang='lat' dir='ltr'><strong>id</strong></span> <span class='ocrx_word' id='word_1_150' title='bbox 998 3103 1085 3187; x_wconf 92' lang='lat' dir='ltr'><strong>quod</strong></span> <span class='ocrx_word' id='word_1_151' title='bbox 1111 3105 1227 3187; x_wconf 83' lang='lat' dir='ltr'><strong>voluit,</strong></span> <span class='ocrx_word' id='word_1_152' title='bbox 1255 3106 1384 3188; x_wconf 79' lang='grc' dir='ltr'><strong><em>χάριτες</em></strong></span> <span class='ocrx_word' id='word_1_153' title='bbox 1408 3111 1538 3172; x_wconf 89' lang='grc' dir='ltr'><strong><em>Λυσιόυ</em></strong></span> <span class='ocrx_word' id='word_1_154' title='bbox 1563 3130 1643 3192; x_wconf 91' lang='lat' dir='ltr'><strong>quae</strong></span> 
     </span>
     <span class='ocr_line' id='line_1_20' title="bbox 404 3209 1644 3297; baseline 0.009 -28"><span class='ocrx_word' id='word_1_155' title='bbox 404 3210 520 3276; x_wconf 62' lang='lat' dir='ltr'><strong>essent</strong></span> <span class='ocrx_word' id='word_1_156' title='bbox 549 3218 581 3278; x_wconf 88' lang='lat' dir='ltr'><strong>et</strong></span> <span class='ocrx_word' id='word_1_157' title='bbox 614 3209 703 3297; x_wconf 91' lang='lat' dir='ltr'><strong>quod</strong></span> <span class='ocrx_word' id='word_1_158' title='bbox 734 3211 927 3275; x_wconf 86' lang='grc' dir='ltr'><strong><em>δεινότατον</em></strong></span> <span class='ocrx_word' id='word_1_159' title='bbox 958 3211 1026 3295; x_wconf 78' lang='grc' dir='ltr'><strong><em>ἅμα</em></strong></span> <span class='ocrx_word' id='word_1_160' title='bbox 1055 3209 1109 3274; x_wconf 78' lang='grc' dir='ltr'><strong><em>καὶ</em></strong></span> <span class='ocrx_word' id='word_1_161' title='bbox 1138 3214 1350 3294; x_wconf 75' lang='grc' dir='ltr'><strong><em>γελοιότατον</em></strong></span> <span class='ocrx_word' id='word_1_162' title='bbox 1377 3212 1557 3279; x_wconf 90' lang='lat' dir='ltr'><strong>haberetur.</strong></span> <span class='ocrx_word' id='word_1_163' title='bbox 1598 3213 1644 3281; x_wconf 90' lang='lat' dir='ltr'><strong>Ut</strong></span> 
     </span>
     <span class='ocr_line' id='line_1_21' title="bbox 405 3292 1684 3407; baseline 0.002 -24"><span class='ocrx_word' id='word_1_164' title='bbox 405 3292 523 3385; x_wconf 66' lang='lat' dir='ltr'><strong>lisseret</strong></span> <span class='ocrx_word' id='word_1_165' title='bbox 551 3321 580 3387; x_wconf 87' lang='lat' dir='ltr'><strong>ei</strong></span> <span class='ocrx_word' id='word_1_166' title='bbox 613 3318 775 3386; x_wconf 83' lang='lat' dir='ltr'><strong>abstinere</strong></span> <span class='ocrx_word' id='word_1_167' title='bbox 806 3316 847 3382; x_wconf 90' lang='lat' dir='ltr'><strong>ab</strong></span> <span class='ocrx_word' id='word_1_168' title='bbox 881 3317 920 3383; x_wconf 90' lang='lat' dir='ltr'><strong>iis</strong></span> <span class='ocrx_word' id='word_1_169' title='bbox 948 3317 1055 3384; x_wconf 84' lang='lat' dir='ltr'><strong>verbis</strong></span> <span class='ocrx_word' id='word_1_170' title='bbox 1084 3340 1220 3403; x_wconf 92' lang='lat' dir='ltr'><strong>quorum</strong></span> <span class='ocrx_word' id='word_1_171' title='bbox 1249 3318 1442 3407; x_wconf 83' lang='lat' dir='ltr'><strong>ambiguitas</strong></span> <span class='ocrx_word' id='word_1_172' title='bbox 1470 3345 1530 3387; x_wconf 90' lang='lat' dir='ltr'><strong>nos</strong></span> <span class='ocrx_word' id='word_1_173' title='bbox 1557 3346 1643 3389; x_wconf 91' lang='lat' dir='ltr'><strong>nunc</strong></span> <span class='ocrx_word' id='word_1_174' title='bbox 1658 3345 1684 3385; x_wconf 85' lang='grc' dir='ltr'><strong>ιο</strong></span> 
     </span>
     <span class='ocr_line' id='line_1_22' title="bbox 403 3421 545 3493; baseline 0 0"><span class='ocrx_word' id='word_1_175' title='bbox 403 3421 545 3493; x_wconf 72' lang='lat' dir='ltr'><strong>⁰¹croc</strong></span> 
     </span>
     <span class='ocr_line' id='line_1_23' title="bbox 504 3532 1644 3623; baseline 0.001 -22"><span class='ocrx_word' id='word_1_176' title='bbox 504 3533 621 3601; x_wconf 80' lang='lat' dir='ltr'><strong>Eadem</strong></span> <span class='ocrx_word' id='word_1_177' title='bbox 641 3533 799 3599; x_wconf 87' lang='lat' dir='ltr'><strong>sententia</strong></span> <span class='ocrx_word' id='word_1_178' title='bbox 818 3537 850 3597; x_wconf 92' lang='lat' dir='ltr'><strong>et</strong></span> <span class='ocrx_word' id='word_1_179' title='bbox 864 3532 950 3617; x_wconf 90' lang='lat' dir='ltr'><strong>apud</strong></span> <span class='ocrx_word' id='word_1_180' title='bbox 963 3532 1118 3597; x_wconf 90' lang='lat' dir='ltr'><strong>Photium</strong></span> <span class='ocrx_word' id='word_1_181' title='bbox 1132 3532 1207 3598; x_wconf 87' lang='lat' dir='ltr'><strong>Lex.</strong></span> <span class='ocrx_word' id='word_1_182' title='bbox 1223 3552 1248 3599; x_wconf 86' lang='lat'><strong>11</strong></span> <span class='ocrx_word' id='word_1_183' title='bbox 1263 3558 1293 3619; x_wconf 94' lang='lat' dir='ltr'><strong>p.</strong></span> <span class='ocrx_word' id='word_1_184' title='bbox 1311 3536 1373 3600; x_wconf 79' lang='lat'><strong>129</strong></span> <span class='ocrx_word' id='word_1_185' title='bbox 1388 3535 1509 3601; x_wconf 88' lang='lat' dir='ltr'><strong>Naberi</strong></span> <span class='ocrx_word' id='word_1_186' title='bbox 1523 3539 1644 3623; x_wconf 82' lang='lat' dir='ltr'><strong>legitur</strong></span> 
     </span>
     <span class='ocr_line' id='line_1_24' title="bbox 346 3639 1643 3754; baseline 0.002 -47"><span class='ocrx_word' id='word_1_187' title='bbox 346 3698 383 3754; x_wconf 63' lang='lat' dir='ltr'><em>n</em></span> <span class='ocrx_word' id='word_1_188' title='bbox 569 3643 654 3729; x_wconf 74' lang='grc' dir='ltr'><strong><em>ῥᾷον</em></strong></span> <span class='ocrx_word' id='word_1_189' title='bbox 680 3642 724 3705; x_wconf 80' lang='grc' dir='ltr'><strong>ἄν</strong></span> <span class='ocrx_word' id='word_1_190' title='bbox 750 3664 800 3717; x_wconf 90' lang='grc' dir='ltr'><strong><em>τις</em></strong></span> <span class='ocrx_word' id='word_1_191' title='bbox 827 3644 907 3717; x_wconf 86' lang='grc' dir='ltr'><strong><em>τοὺς</em></strong></span> <span class='ocrx_word' id='word_1_192' title='bbox 934 3639 1076 3717; x_wconf 84' lang='grc' dir='ltr'><strong><em>ὀδόντας</em></strong></span> <span class='ocrx_word' id='word_1_193' title='bbox 1103 3641 1290 3725; x_wconf 77' lang='grc' dir='ltr'><strong><em>ἠρίθμησεν</em></strong></span> <span class='ocrx_word' id='word_1_194' title='bbox 1312 3641 1332 3725; x_wconf 81' lang='grc' dir='ltr'>ἢ</span> <span class='ocrx_word' id='word_1_195' title='bbox 1356 3646 1435 3720; x_wconf 88' lang='grc' dir='ltr'><strong><em>τοὺς</em></strong></span> <span class='ocrx_word' id='word_1_196' title='bbox 1459 3645 1643 3722; x_wconf 76' lang='grc' dir='ltr'><strong><em>δακτύλους</em></strong></span> 
     </span>
     <span class='ocr_line' id='line_1_25' title="bbox 399 3727 706 3833; baseline 0.007 -22"><span class='ocrx_word' id='word_1_197' title='bbox 399 3727 441 3790; x_wconf 55' lang='lat' dir='ltr'><strong>‘A</strong></span> <span class='ocrx_word' id='word_1_198' title='bbox 475 3751 550 3833; x_wconf 81' lang='lat' dir='ltr'><strong>apud</strong></span> <span class='ocrx_word' id='word_1_199' title='bbox 573 3748 706 3815; x_wconf 86' lang='lat' dir='ltr'><strong>Suidsm</strong></span> 
     </span>
     <span class='ocr_line' id='line_1_26' title="bbox 569 3854 1640 3943; baseline 0.003 -22"><span class='ocrx_word' id='word_1_200' title='bbox 569 3857 655 3943; x_wconf 75' lang='grc' dir='ltr'><strong><em>ῥᾷόν</em></strong></span> <span class='ocrx_word' id='word_1_201' title='bbox 677 3880 727 3932; x_wconf 90' lang='grc' dir='ltr'><strong><em>τις</em></strong></span> <span class='ocrx_word' id='word_1_202' title='bbox 749 3857 828 3931; x_wconf 86' lang='grc' dir='ltr'><strong><em>τοὺς</em></strong></span> <span class='ocrx_word' id='word_1_203' title='bbox 851 3854 991 3932; x_wconf 83' lang='grc' dir='ltr'><strong><em>ὀδόντας</em></strong></span> <span class='ocrx_word' id='word_1_204' title='bbox 1013 3855 1201 3939; x_wconf 81' lang='grc' dir='ltr'><strong><em>ἠρίθμησεν</em></strong></span> <span class='ocrx_word' id='word_1_205' title='bbox 1224 3854 1244 3938; x_wconf 82' lang='grc' dir='ltr'><strong><em>ἣ</em></strong></span> <span class='ocrx_word' id='word_1_206' title='bbox 1268 3858 1345 3933; x_wconf 88' lang='grc' dir='ltr'><strong><em>τοὺς</em></strong></span> <span class='ocrx_word' id='word_1_207' title='bbox 1365 3858 1557 3935; x_wconf 86' lang='grc' dir='ltr'><strong><em>δακτύλους.</em></strong></span> <span class='ocrx_word' id='word_1_208' title='bbox 1589 3858 1640 3924; x_wconf 78' lang='grc' dir='ltr'><strong>ἐπὶ</strong></span> 
     </span>
     <span class='ocr_line' id='line_1_27' title="bbox 569 3965 747 4048; baseline -0.011 -19"><span class='ocrx_word' id='word_1_209' title='bbox 569 3965 747 4048; x_wconf 81' lang='grc' dir='ltr'><strong><em>γερόντων.</em></strong></span> 
     </span>
     <span class='ocr_line' id='line_1_28' title="bbox 391 4035 1640 4156; baseline 0.006 -26"><span class='ocrx_word' id='word_1_210' title='bbox 391 4035 481 4153; x_wconf 46' lang='lat' dir='ltr'><strong>Qui</strong></span> <span class='ocrx_word' id='word_1_211' title='bbox 503 4093 582 4156; x_wconf 85' lang='lat' dir='ltr'><strong>quae</strong></span> <span class='ocrx_word' id='word_1_212' title='bbox 608 4070 760 4151; x_wconf 84' lang='lat' dir='ltr'><strong>afferunt,</strong></span> <span class='ocrx_word' id='word_1_213' title='bbox 787 4067 1023 4153; x_wconf 82' lang='lat' dir='ltr'><strong>proverbialem</strong></span> <span class='ocrx_word' id='word_1_214' title='bbox 1047 4091 1115 4133; x_wconf 89' lang='lat' dir='ltr'><strong>esse</strong></span> <span class='ocrx_word' id='word_1_215' title='bbox 1138 4068 1335 4135; x_wconf 90' lang='lat' dir='ltr'><strong>locutionem</strong></span> <span class='ocrx_word' id='word_1_216' title='bbox 1358 4076 1505 4154; x_wconf 84' lang='lat' dir='ltr'><strong>apparet,</strong></span> <span class='ocrx_word' id='word_1_217' title='bbox 1531 4076 1640 4137; x_wconf 87' lang='lat' dir='ltr'><strong>natam</strong></span> 
     </span>
     <span class='ocr_line' id='line_1_29' title="bbox 390 4146 1640 4263; baseline 0 -21"><span class='ocrx_word' id='word_1_218' title='bbox 390 4146 501 4242; x_wconf 60' lang='grc' dir='ltr'><strong>11Ῑδιο</strong></span> <span class='ocrx_word' id='word_1_219' title='bbox 526 4176 655 4263; x_wconf 89' lang='lat' dir='ltr'><strong>quidem</strong></span> <span class='ocrx_word' id='word_1_220' title='bbox 683 4198 722 4240; x_wconf 89' lang='lat' dir='ltr'><strong>ex</strong></span> <span class='ocrx_word' id='word_1_221' title='bbox 746 4174 861 4261; x_wconf 87' lang='lat' dir='ltr'><strong>Lysiae</strong></span> <span class='ocrx_word' id='word_1_222' title='bbox 885 4176 1030 4241; x_wconf 88' lang='lat' dir='ltr'><strong>oratione</strong></span> <span class='ocrx_word' id='word_1_223' title='bbox 1054 4176 1109 4240; x_wconf 88' lang='lat' dir='ltr'><strong>sed</strong></span> <span class='ocrx_word' id='word_1_224' title='bbox 1133 4176 1230 4241; x_wconf 89' lang='lat' dir='ltr'><strong>solita</strong></span> <span class='ocrx_word' id='word_1_225' title='bbox 1252 4176 1401 4242; x_wconf 87' lang='lat' dir='ltr'><strong>libertate</strong></span> <span class='ocrx_word' id='word_1_226' title='bbox 1425 4178 1583 4242; x_wconf 88' lang='lat' dir='ltr'><strong>redactam</strong></span> <span class='ocrx_word' id='word_1_227' title='bbox 1607 4180 1640 4242; x_wconf 93' lang='lat' dir='ltr'><strong>iu</strong></span> 
     </span>
     <span class='ocr_line' id='line_1_30' title="bbox 389 4244 1640 4369; baseline 0.001 -22"><span class='ocrx_word' id='word_1_228' title='bbox 389 4244 544 4350; x_wconf 59' lang='lat' dir='ltr'><strong>bPeripa.</strong></span> <span class='ocrx_word' id='word_1_229' title='bbox 581 4283 634 4349; x_wconf 89' lang='lat' dir='ltr'><strong>Ab</strong></span> <span class='ocrx_word' id='word_1_230' title='bbox 659 4282 712 4348; x_wconf 89' lang='lat' dir='ltr'><strong>his</strong></span> <span class='ocrx_word' id='word_1_231' title='bbox 735 4284 838 4369; x_wconf 82' lang='lat' dir='ltr'><strong>igitur</strong></span> <span class='ocrx_word' id='word_1_232' title='bbox 859 4281 998 4347; x_wconf 90' lang='lat' dir='ltr'><strong>testibus</strong></span> <span class='ocrx_word' id='word_1_233' title='bbox 1022 4281 1102 4347; x_wconf 91' lang='lat' dir='ltr'><strong>disci</strong></span> <span class='ocrx_word' id='word_1_234' title='bbox 1124 4288 1178 4346; x_wconf 86' lang='lat' dir='ltr'><strong>vix</strong></span> <span class='ocrx_word' id='word_1_235' title='bbox 1197 4284 1300 4367; x_wconf 92' lang='lat' dir='ltr'><strong>possit</strong></span> <span class='ocrx_word' id='word_1_236' title='bbox 1320 4284 1396 4368; x_wconf 90' lang='lat' dir='ltr'><strong>quid</strong></span> <span class='ocrx_word' id='word_1_237' title='bbox 1415 4283 1545 4367; x_wconf 86' lang='lat' dir='ltr'><strong>Lysiam</strong></span> <span class='ocrx_word' id='word_1_238' title='bbox 1566 4285 1640 4350; x_wconf 90' lang='lat' dir='ltr'><strong>scri·</strong></span> 
     </span>
     <span class='ocr_line' id='line_1_31' title="bbox 387 4375 1682 4478; baseline -0.005 -20"><span class='ocrx_word' id='word_1_239' title='bbox 387 4375 511 4458; x_wconf 64' lang='lat' dir='ltr'><strong>basim</strong></span> <span class='ocrx_word' id='word_1_240' title='bbox 532 4390 701 4478; x_wconf 84' lang='lat' dir='ltr'><strong>probabile</strong></span> <span class='ocrx_word' id='word_1_241' title='bbox 724 4391 775 4454; x_wconf 87' lang='lat' dir='ltr'><strong>sit.</strong></span> <span class='ocrx_word' id='word_1_242' title='bbox 811 4388 926 4474; x_wconf 91' lang='lat' dir='ltr'><strong>Neque</strong></span> <span class='ocrx_word' id='word_1_243' title='bbox 949 4388 1123 4472; x_wconf 86' lang='lat' dir='ltr'><strong>Demetrio,</strong></span> <span class='ocrx_word' id='word_1_244' title='bbox 1151 4392 1207 4474; x_wconf 90' lang='lat' dir='ltr'><strong>qui</strong></span> <span class='ocrx_word' id='word_1_245' title='bbox 1230 4390 1317 4473; x_wconf 93' lang='lat' dir='ltr'><strong>quod</strong></span> <span class='ocrx_word' id='word_1_246' title='bbox 1341 4391 1433 4455; x_wconf 84' lang='lat' dir='ltr'><strong>affert</strong></span> <span class='ocrx_word' id='word_1_247' title='bbox 1456 4396 1543 4456; x_wconf 88' lang='lat' dir='ltr'><strong>certo</strong></span> <span class='ocrx_word' id='word_1_248' title='bbox 1567 4413 1641 4457; x_wconf 91' lang='lat' dir='ltr'><strong>con·</strong></span> <span class='ocrx_word' id='word_1_249' title='bbox 1654 4412 1682 4453; x_wconf 81' lang='lat' dir='ltr'><strong>sc</strong></span> 
     </span>
     <span class='ocr_line' id='line_1_32' title="bbox 385 4476 1641 4580; baseline 0.001 -17"><span class='ocrx_word' id='word_1_250' title='bbox 385 4476 485 4563; x_wconf 72' lang='lat' dir='ltr'><strong>⁸ilj0</strong></span> <span class='ocrx_word' id='word_1_251' title='bbox 508 4499 614 4565; x_wconf 76' lang='lat' dir='ltr'><strong>afferri</strong></span> <span class='ocrx_word' id='word_1_252' title='bbox 642 4497 782 4563; x_wconf 77' lang='lat' dir='ltr'><strong>vidimus</strong></span> <span class='ocrx_word' id='word_1_253' title='bbox 805 4501 838 4561; x_wconf 86' lang='lat' dir='ltr'><strong>et</strong></span> <span class='ocrx_word' id='word_1_254' title='bbox 860 4500 987 4560; x_wconf 85' lang='lat' dir='ltr'><strong>tantum</strong></span> <span class='ocrx_word' id='word_1_255' title='bbox 1011 4500 1167 4580; x_wconf 87' lang='lat' dir='ltr'><strong>quantum</strong></span> <span class='ocrx_word' id='word_1_256' title='bbox 1190 4497 1267 4562; x_wconf 91' lang='lat' dir='ltr'><strong>huic</strong></span> <span class='ocrx_word' id='word_1_257' title='bbox 1290 4499 1425 4562; x_wconf 89' lang='lat' dir='ltr'><strong>consilio</strong></span> <span class='ocrx_word' id='word_1_258' title='bbox 1449 4499 1641 4564; x_wconf 87' lang='lat' dir='ltr'><strong>conveniens</strong></span> 
     </span>
     <span class='ocr_line' id='line_1_33' title="bbox 386 4593 1640 4692; baseline 0.002 -23"><span class='ocrx_word' id='word_1_259' title='bbox 386 4593 489 4690; x_wconf 61' lang='lat' dir='ltr'><strong>⁸1*at</strong></span> <span class='ocrx_word' id='word_1_260' title='bbox 499 4604 756 4692; x_wconf 87' lang='lat' dir='ltr'><strong>posthabendum</strong></span> <span class='ocrx_word' id='word_1_261' title='bbox 771 4603 923 4668; x_wconf 90' lang='lat' dir='ltr'><strong>ducemus</strong></span> <span class='ocrx_word' id='word_1_262' title='bbox 938 4601 1139 4667; x_wconf 86' lang='lat' dir='ltr'><strong>Athenaeum</strong></span> <span class='ocrx_word' id='word_1_263' title='bbox 1156 4603 1246 4668; x_wconf 89' lang='lat' dir='ltr'><strong>ouius</strong></span> <span class='ocrx_word' id='word_1_264' title='bbox 1261 4603 1368 4669; x_wconf 91' lang='lat' dir='ltr'><strong>studio</strong></span> <span class='ocrx_word' id='word_1_265' title='bbox 1383 4626 1518 4692; x_wconf 83' lang='lat' dir='ltr'><strong>magnae</strong></span> <span class='ocrx_word' id='word_1_266' title='bbox 1532 4611 1640 4690; x_wconf 80' lang='lat' dir='ltr'><strong>partes</strong></span> 
     </span>
     <span class='ocr_line' id='line_1_34' title="bbox 388 4676 1640 4796; baseline 0.003 -23"><span class='ocrx_word' id='word_1_267' title='bbox 388 4676 504 4778; x_wconf 69' lang='lat' dir='ltr'><strong>huin</strong></span> <span class='ocrx_word' id='word_1_268' title='bbox 522 4712 679 4779; x_wconf 86' lang='lat' dir='ltr'><strong>orationis</strong></span> <span class='ocrx_word' id='word_1_269' title='bbox 698 4715 846 4795; x_wconf 85' lang='lat' dir='ltr'><strong>acceptae</strong></span> <span class='ocrx_word' id='word_1_270' title='bbox 865 4709 1014 4775; x_wconf 85' lang='lat' dir='ltr'><strong>feruntur</strong></span> <span class='ocrx_word' id='word_1_271' title='bbox 1031 4732 1097 4774; x_wconf 94' lang='lat' dir='ltr'><strong>non</strong></span> <span class='ocrx_word' id='word_1_272' title='bbox 1115 4711 1178 4774; x_wconf 89' lang='lat' dir='ltr'><strong>alia</strong></span> <span class='ocrx_word' id='word_1_273' title='bbox 1197 4710 1235 4774; x_wconf 92' lang='lat' dir='ltr'><strong>de</strong></span> <span class='ocrx_word' id='word_1_274' title='bbox 1250 4734 1346 4777; x_wconf 89' lang='lat' dir='ltr'><strong>causa</strong></span> <span class='ocrx_word' id='word_1_275' title='bbox 1360 4716 1528 4795; x_wconf 78' lang='lat' dir='ltr'><strong>excerptae</strong></span> <span class='ocrx_word' id='word_1_276' title='bbox 1543 4735 1640 4796; x_wconf 85' lang='lat' dir='ltr'><strong>quarn</strong></span> 
     </span>
     <span class='ocr_line' id='line_1_35' title="bbox 388 4811 1640 4904; baseline 0.001 -20"><span class='ocrx_word' id='word_1_277' title='bbox 388 4811 496 4884; x_wconf 70' lang='lat' dir='ltr'><strong>quod</strong></span> <span class='ocrx_word' id='word_1_278' title='bbox 521 4818 691 4887; x_wconf 80' lang='lat' dir='ltr'><strong>Aeschinis</strong></span> <span class='ocrx_word' id='word_1_279' title='bbox 719 4816 875 4882; x_wconf 82' lang='lat' dir='ltr'><strong>Socratici</strong></span> <span class='ocrx_word' id='word_1_280' title='bbox 903 4815 1047 4881; x_wconf 90' lang='lat' dir='ltr'><strong>moribus</strong></span> <span class='ocrx_word' id='word_1_281' title='bbox 1076 4816 1285 4903; x_wconf 79' lang='lat' dir='ltr'><strong>depingendis</strong></span> <span class='ocrx_word' id='word_1_282' title='bbox 1313 4819 1508 4904; x_wconf 89' lang='lat' dir='ltr'><strong>prodessent.</strong></span> <span class='ocrx_word' id='word_1_283' title='bbox 1547 4817 1640 4885; x_wconf 85' lang='lat' dir='ltr'><strong>Certe</strong></span> 
     </span>
     <span class='ocr_line' id='line_1_36' title="bbox 389 4919 1639 5013; baseline -0.003 -19"><span class='ocrx_word' id='word_1_284' title='bbox 389 4919 471 5001; x_wconf 72' lang='grc' dir='ltr'><strong>τῆς</strong></span> <span class='ocrx_word' id='word_1_285' title='bbox 498 4930 617 5013; x_wconf 75' lang='grc' dir='ltr'><strong><em>χειρός,</em></strong></span> <span class='ocrx_word' id='word_1_286' title='bbox 649 4925 735 5011; x_wconf 88' lang='lat' dir='ltr'><strong>quod</strong></span> <span class='ocrx_word' id='word_1_287' title='bbox 765 4924 856 4989; x_wconf 88' lang='lat' dir='ltr'><strong>abest</strong></span> <span class='ocrx_word' id='word_1_288' title='bbox 884 4947 903 4988; x_wconf 93' lang='lat' dir='ltr'><strong>a</strong></span> <span class='ocrx_word' id='word_1_289' title='bbox 930 4923 1096 4989; x_wconf 89' lang='lat' dir='ltr'><strong>Demetrio</strong></span> <span class='ocrx_word' id='word_1_290' title='bbox 1125 4929 1158 4988; x_wconf 87' lang='lat' dir='ltr'><strong>et</strong></span> <span class='ocrx_word' id='word_1_291' title='bbox 1185 4925 1298 4989; x_wconf 89' lang='lat' dir='ltr'><strong>ceteris</strong></span> <span class='ocrx_word' id='word_1_292' title='bbox 1326 4926 1463 4990; x_wconf 86' lang='lat' dir='ltr'><strong>testibus</strong></span> <span class='ocrx_word' id='word_1_293' title='bbox 1492 4925 1547 4990; x_wconf 88' lang='lat' dir='ltr'><strong>sed</strong></span> <span class='ocrx_word' id='word_1_294' title='bbox 1575 4948 1639 5010; x_wconf 94' lang='lat' dir='ltr'><strong>quo</strong></span> 
     </span>
     <span class='ocr_line' id='line_1_37' title="bbox 391 5020 1640 5119; baseline -0.001 -21"><span class='ocrx_word' id='word_1_295' title='bbox 391 5020 493 5098; x_wconf 71' lang='lat' dir='ltr'><strong>tlilii]</strong></span> <span class='ocrx_word' id='word_1_296' title='bbox 512 5036 618 5119; x_wconf 83' lang='lat' dir='ltr'><strong>aptius</strong></span> <span class='ocrx_word' id='word_1_297' title='bbox 641 5037 724 5116; x_wconf 84' lang='lat' dir='ltr'><strong>erat,</strong></span> <span class='ocrx_word' id='word_1_298' title='bbox 752 5036 878 5117; x_wconf 85' lang='lat' dir='ltr'><strong>praeter</strong></span> <span class='ocrx_word' id='word_1_299' title='bbox 899 5029 1065 5096; x_wconf 86' lang='lat' dir='ltr'><strong>Naberum</strong></span> <span class='ocrx_word' id='word_1_300' title='bbox 1090 5053 1181 5097; x_wconf 88' lang='lat' dir='ltr'><strong>nemo</strong></span> <span class='ocrx_word' id='word_1_301' title='bbox 1206 5032 1292 5116; x_wconf 91' lang='lat' dir='ltr'><strong>quod</strong></span> <span class='ocrx_word' id='word_1_302' title='bbox 1317 5034 1454 5097; x_wconf 86' lang='lat' dir='ltr'><strong>sciamus</strong></span> <span class='ocrx_word' id='word_1_303' title='bbox 1478 5034 1517 5096; x_wconf 93' lang='lat' dir='ltr'><strong>ab</strong></span> <span class='ocrx_word' id='word_1_304' title='bbox 1541 5031 1640 5097; x_wconf 89' lang='lat' dir='ltr'><strong>Athe-</strong></span> 
     </span>
     <span class='ocr_line' id='line_1_38' title="bbox 392 5130 1638 5225; baseline -0.002 -20"><span class='ocrx_word' id='word_1_305' title='bbox 392 5130 491 5205; x_wconf 63' lang='grc' dir='ltr'><strong>ιιῐὶιοο</strong></span> <span class='ocrx_word' id='word_1_306' title='bbox 516 5146 548 5207; x_wconf 89' lang='lat' dir='ltr'><strong>et</strong></span> <span class='ocrx_word' id='word_1_307' title='bbox 574 5164 593 5206; x_wconf 87' lang='lat' dir='ltr'><strong>a</strong></span> <span class='ocrx_word' id='word_1_308' title='bbox 615 5140 715 5225; x_wconf 81' lang='lat' dir='ltr'><strong>Lysia</strong></span> <span class='ocrx_word' id='word_1_309' title='bbox 741 5137 943 5204; x_wconf 84' lang='lat' dir='ltr'><strong>abiudicavit.</strong></span> <span class='ocrx_word' id='word_1_310' title='bbox 982 5136 1086 5214; x_wconf 87' lang='lat' dir='ltr'><strong>Quare</strong></span> <span class='ocrx_word' id='word_1_311' title='bbox 1115 5140 1243 5203; x_wconf 89' lang='lat' dir='ltr'><strong>omissis</strong></span> <span class='ocrx_word' id='word_1_312' title='bbox 1267 5139 1403 5204; x_wconf 87' lang='lat' dir='ltr'><strong>testibus</strong></span> <span class='ocrx_word' id='word_1_313' title='bbox 1427 5140 1553 5221; x_wconf 88' lang='lat' dir='ltr'><strong>alienis,</strong></span> <span class='ocrx_word' id='word_1_314' title='bbox 1582 5140 1638 5222; x_wconf 92' lang='lat' dir='ltr'><strong>qui</strong></span> 
     </span>
     <span class='ocr_line' id='line_1_39' title="bbox 395 5236 1638 5331; baseline -0.002 -19"><span class='ocrx_word' id='word_1_315' title='bbox 395 5236 495 5312; x_wconf 65' lang='lat' dir='ltr'><strong>niffl</strong></span> <span class='ocrx_word' id='word_1_316' title='bbox 518 5271 576 5315; x_wconf 92' lang='lat' dir='ltr'><strong>nos</strong></span> <span class='ocrx_word' id='word_1_317' title='bbox 600 5248 715 5314; x_wconf 87' lang='lat' dir='ltr'><strong>docere</strong></span> <span class='ocrx_word' id='word_1_318' title='bbox 737 5250 875 5331; x_wconf 89' lang='lat' dir='ltr'><strong>possunt</strong></span> <span class='ocrx_word' id='word_1_319' title='bbox 898 5244 987 5328; x_wconf 92' lang='lat' dir='ltr'><strong>quod</strong></span> <span class='ocrx_word' id='word_1_320' title='bbox 1009 5245 1048 5309; x_wconf 89' lang='lat' dir='ltr'><strong>ad</strong></span> <span class='ocrx_word' id='word_1_321' title='bbox 1072 5266 1138 5308; x_wconf 90' lang='lat' dir='ltr'><strong>rern</strong></span> <span class='ocrx_word' id='word_1_322' title='bbox 1162 5246 1334 5330; x_wconf 68' lang='lat' dir='ltr'><strong>pertinent,</strong></span> <span class='ocrx_word' id='word_1_323' title='bbox 1363 5246 1403 5310; x_wconf 91' lang='lat' dir='ltr'><strong>ad</strong></span> <span class='ocrx_word' id='word_1_324' title='bbox 1427 5246 1556 5329; x_wconf 84' lang='lat' dir='ltr'><strong>Lysiam</strong></span> <span class='ocrx_word' id='word_1_325' title='bbox 1579 5267 1638 5310; x_wconf 90' lang='lat' dir='ltr'><strong>nos</strong></span> 
     </span>
     <span class='ocr_line' id='line_1_40' title="bbox 398 5350 1639 5442; baseline 0 -25"><span class='ocrx_word' id='word_1_326' title='bbox 398 5350 643 5442; x_wconf 58' lang='lat' dir='ltr'><strong>Qnremamm,</strong></span> <span class='ocrx_word' id='word_1_327' title='bbox 671 5359 708 5420; x_wconf 92' lang='lat' dir='ltr'><strong>ut</strong></span> <span class='ocrx_word' id='word_1_328' title='bbox 735 5356 907 5438; x_wconf 87' lang='lat' dir='ltr'><strong>quaeratur</strong></span> <span class='ocrx_word' id='word_1_329' title='bbox 936 5352 1040 5436; x_wconf 90' lang='lat' dir='ltr'><strong>ipsum</strong></span> <span class='ocrx_word' id='word_1_330' title='bbox 1065 5352 1144 5436; x_wconf 90' lang='lat' dir='ltr'><strong>quid</strong></span> <span class='ocrx_word' id='word_1_331' title='bbox 1167 5352 1276 5417; x_wconf 88' lang='lat' dir='ltr'><strong>deceat</strong></span> <span class='ocrx_word' id='word_1_332' title='bbox 1300 5352 1403 5417; x_wconf 86' lang='lat' dir='ltr'><strong>dicere</strong></span> <span class='ocrx_word' id='word_1_333' title='bbox 1428 5354 1462 5417; x_wconf 90' lang='lat' dir='ltr'><strong>in</strong></span> <span class='ocrx_word' id='word_1_334' title='bbox 1485 5354 1547 5419; x_wconf 84' lang='lat' dir='ltr'><strong>ista</strong></span> <span class='ocrx_word' id='word_1_335' title='bbox 1571 5375 1639 5419; x_wconf 89' lang='lat' dir='ltr'><strong>sen·</strong></span> 
     </span>
    </p>
   </div>
   <div class='ocr_carea' id='block_1_4' title="bbox 0 0 1979 6675">
    <p class='ocr_par' dir='ltr' id='par_1_4' title="bbox 0 0 1979 6675">
     <span class='ocr_line' id='line_1_41' title="bbox 0 0 1979 6675; baseline 0 0"><span class='ocrx_word' id='word_1_336' title='bbox 0 0 1979 6675; x_wconf 95' lang='lat' dir='ltr'><strong> </strong></span> 
     </span>
    </p>
   </div>
  </div>
 </body>
</html>
