3925 6675
655 1143 705 1192 DE
723 1136 921 1195 annocum
939 1143 1088 1194 IDYLLIO
1108 1143 1194 1195 XVII.
1498 1141 1540 1205 Π

303 1302 377 1368 Nec
406 1302 578 1368 dissimilia
604 1301 697 1367 Plato
726 1303 760 1368 in
787 1303 928 1389 Legibus
952 1322 976 1367 x
994 1327 1025 1389 p.
1040 1304 1119 1387 219,
1133 1304 1155 1367 4
1169 1304 1228 1368 Bk.
1257 1304 1298 1369 οὐ
1329 1307 1391 1388 γὰρ
1423 1304 1541 1389 ἀμελη-

303 1413 409 1494 θήσει
432 1407 511 1475 ποτέ
535 1407 587 1475 inl
614 1410 718 1493 αὐτῆς
742 1409 878 1497 (ὃίκης)·
906 1411 968 1496 οὐχ
996 1410 1083 1476 οὕτω
1108 1412 1246 1496 σμικρὸς
1269 1412 1319 1476 ὢν
1341 1411 1436 1477 δύσει
1458 1413 1543 1476 κατά

302 1519 344 1582 τὸ
367 1526 429 1600 τῆς
450 1526 512 1600 γῆς·
533 1518 643 1599 βάθος
665 1515 735 1582 οὐδ’
762 1517 892 1602 ὑψηλὸς
913 1519 1093 1602 γενόμενος
1120 1518 1168 1594 εἰς
1199 1518 1260 1582 τὸν
1288 1518 1435 1603 οὐρανὸν
1461 1518 1541 1584 ἀνα-

301 1626 435 1707 πτήσει.
472 1622 709 1707 Polymestor
700 1647 733 1688 ιιι
752 1623 885 1689 Hecuba
904 1622 1022 1711 (1100)
1046 1646 1110 1709 quo
1130 1646 1221 1689 susm
1240 1623 1451 1711 ignominiam
1470 1625 1543 1690 abs-

299 1729 427 1795 condat
450 1731 578 1795 nescius
600 1730 796 1795 lamentatur

444 1848 503 1902 ποῑ
525 1839 708 1922 τράπωμαι,
730 1849 790 1903 ποῖ
811 1845 985 1922 πορευθῶ;

444 1943 549 2028 αάθέρ
576 1943 824 2030 ἀμπτάμενος*)
846 1944 1008 2028 οὐράνιον

444 2047 602 2128 ὑμιπετίς
625 2053 673 2128 εἰς
694 2050 866 2134 μέλαθρον
888 2102 896 2115 .
919 2102 926 2115 .

686 2156 706 2240 ἢ
730 2159 790 2223 τὸν
812 2155 847 2234 ἐς
862 2155 953 2222 Ἀίδα

445 2267 679 2349 μελανόχρωτα
702 2266 858 2348 πορθμὸν
881 2264 947 2351 ᾅξω
971 2266 1084 2343 τάἀας;

299 2373 348 2437 Et
373 2376 414 2437 ul
437 2370 571 2437 Hecuba
595 2371 731 2436 Troasin
754 2373 800 2436 ait
822 2369 940 2458 (1320)

444 2481 537 2555 κόνις
560 2475 590 2542 θ’
617 2484 673 2543 ἰσα
696 2486 811 2565 καπνῷ
834 2477 972 2563 πτέρυγι
996 2480 1079 2561 πρὸς
1102 2476 1207 2562 αἰθέρ’

244 2596 284 2655 κ
445 2587 565 2650 ἄιστον
587 2591 690 2650 οἰκων
713 2583 801 2666 έμιῖιν
823 2609 863 2667 με
885 2589 984 2669 θήσει
1008 2583 1063 2671 (cf.
1081 2585 1191 2671 1298),

299 2697 350 2759 ita
375 2693 573 2774 ἀμπτάμενα
596 2692 680 2774 πρὸς
703 2691 823 2774 αἰθέρα
847 2715 941 2776 saepe
965 2692 1116 2756 dicuntur
1139 2714 1220 2776 quae
1242 2692 1339 2756 inrils
1357 2692 1545 2775 factasunt,

300 2803 400 2865 velut
424 2798 596 2884 Iphigenia
619 2798 713 2863 Tanr.
731 2798 796 2864 842

696 2907 821 2970 ἄτοπον
843 2906 972 2989 ἡάονάν
996 2908 1128 2990 ἔλαβον,

697 3011 831 3077 δέδοικα
854 3010 883 3077 δ’
910 3011 946 3078 ἐκ
970 3023 1076 3097 χερῶν
1098 3036 1139 3094 με
1161 3014 1205 3097 μὴ
1228 3015 1310 3097 πρὸς
1333 3012 1455 3098 αἰθέρα

696 3118 906 3203 ἀμπτάμενος
929 3120 1030 3205 φύγη.

299 3227 541 3294 Andromacha
568 3226 654 3290 1219
700 3225 894 3311 ἀμπτάμενα
917 3228 1052 3310 φροῦδα
1074 3227 1182 3292 τιάντα
1205 3237 1318 3291 κεῖται.

299 3332 449 3402 Hecuba
473 3332 540 3398 334
845 3333 944 3418 οὑμοὶ
966 3330 1028 3415 μίν
1052 3338 1145 3417 λόγοι
1169 3336 1252 3417 πρὸς
1274 3333 1395 3463 αἰθέρα
1561 3362 1588 3402 ιο

696 3442 843 3524 φροῦδοι
866 3442 974 3524 μάτην
998 3440 1172 3526 ῥιφέντες.

301 3548 512 3625 Quibuscum
541 3549 598 3631 qui
626 3547 827 3613 contenderit
860 3569 943 3631 quae
965 3549 1000 3611 in
1023 3547 1159 3612 similem
1184 3548 1406 3613 sententiam
1398 3570 1432 3613 ιιι
1453 3547 1547 3613 Euri-

303 3656 393 3741 pidis
420 3652 632 3738 supplicibus
655 3654 766 3718 dicunt
752 3658 807 3718 tur
829 3652 946 3740 (1155)

699 3764 809 3843 λόγων
832 3761 869 3826 δὲ
891 3760 1144 3845 παρακέλευσμα
1170 3774 1239 3827 σῶν

697 3867 769 3950 ἀέρι
793 3871 981 3952 φερόμενον
1004 3874 1127 3953 οἴχεται

302 3983 337 4042 et
365 3999 409 4041 ex
439 3976 542 4040 altera
568 3980 659 4059 parte
687 3974 766 4039 haec
794 3975 828 4039 in
851 3973 990 4039 Hercule
1013 3972 1108 4061 (649)
1133 3975 1250 4059 quibus
1279 3976 1402 4041 tristem
1427 3975 1549 4040 abomi-

304 4089 433 4150 nantur
457 4085 655 4147 senectutem

788 4190 870 4253 κατὰ
892 4189 1049 4270 κυμάτων

447 4294 481 4359 θ’
505 4298 598 4378 ἔρροι
614 4346 620 4358 .
636 4345 665 4359 ..
687 4293 771 4360 ἀλλά
792 4293 858 4360 κατ’
884 4293 987 4378 αἰθέρ’
1015 4294 1065 4360 ἀεί
1090 4306 1239 4379 πτεροῖσι
1262 4299 1435 4380 φορείσθω

308 4426 381 4469 cum
409 4404 453 4468 iis
480 4424 560 4485 quae
584 4404 715 4466 suntin
740 4400 876 4467 Troasin
900 4401 980 4487 (418
995 4400 1056 4489 sq.)
1441 4414 1442 4418 ’
1562 4432 1591 4473 ιο

699 4506 814 4592 Ἀργεῖ’
841 4509 953 4592 ἀνείθη
977 4510 1033 4573 καί
1059 4513 1207 4592 Φρυγῶν
1231 4509 1415 4587 ἐπαινέσεις

700 4615 834 4699 ἀνέμοις
858 4615 1023 4699 φέρεσθαι
1047 4617 1269 4701 παραδίδωμι,

312 4724 489 4808 intelliget,
510 4722 626 4787 variari
651 4724 805 4787 orationis
828 4724 976 4805 formam,
1000 4728 1036 4787 ut
1059 4727 1167 4787 tamen
1185 4722 1236 4787 his
1256 4724 1403 4788 omnibus
1423 4746 1550 4789 sursum

313 4832 422 4896 ablata
447 4830 605 4911 dicantur,
629 4851 710 4913 quae
733 4829 773 4892 ad
797 4829 934 4893 nihilum
959 4829 1086 4894 redacta
1110 4834 1186 4894 sunt
1209 4836 1265 4894 aut
1293 4852 1362 4895 esse
1390 4828 1549 4917 volunt*).

420 5041 469 5110 *ι)
491 5041 602 5111 [πολιὸν
617 5037 712 5106 α’ἰθέρ
729 5040 909 5110 ἀμπτάμενος
923 5039 1013 5094 Orest
1025 5042 1149 5095 Ibion
1146 5036 1279 5110 Ι’νὺγρὸν
1294 5039 1436 5110 ἀμπταίην
1446 5039 1550 5108 αἰθέρα

322 5128 368 5183 lou.
384 5135 448 5184 796.

401 5130 488 5286 ‘all
488 5218 588 5272 Ventis
609 5217 762 5272 auferenda
780 5219 848 5273 dare
866 5236 940 5287 quse
958 5236 1031 5273 vana
1049 5222 1127 5285 sunl
1147 5222 1180 5272 ul
1197 5166 1390 5273 Theocritus
1382 5235 1443 5288 ipse
1462 5218 1551 5286 loqui-

326 5315 432 5370 11122
454 5312 520 5370 ιθῖ,
548 5324 630 5361 nemo
653 5308 744 5361 nescit
765 5324 854 5379 genus
878 5308 991 5362 dicendi
1015 5324 1075 5363 esse
1099 5325 1154 5376 quo
1178 5306 1250 5361 nihil
1274 5306 1442 5361 familiarius
1466 5306 1552 5361 hierii

330 5397 404 5451 ostis
424 5396 570 5460 Romanis,
589 5395 709 5464 Catullo,
728 5395 850 5463 Tibullo,
868 5396 1023 5465 Propertio,
1042 5396 1116 5452 aliis.

369 5496 501 5536 τιιιοιι
515 5495 625 5543 opuscula
640 5496 671 5535 11.
1322 5493 1340 5541 ‘l
