3925 6675
390 1122 454 1187 358
621 1126 667 1177 LI.
686 1125 803 1175 INDEX
820 1125 1036 1177 Lacrlouum
1053 1124 1286 1176 AESTIVARUM
1306 1127 1384 1177 1900.

388 1288 413 1351 ii
430 1286 525 1351 nobis
545 1287 674 1370 quidem
694 1288 840 1370 quamvis
859 1287 925 1350 sint
943 1285 1030 1350 clara
1048 1287 1180 1350 nomina
1197 1284 1414 1372 philologiose
1430 1285 1510 1350 artis
1524 1307 1620 1370 quam

388 1393 574 1479 praedicant
600 1392 682 1457 nihil
709 1393 910 1477 perspexisse
937 1393 1000 1457 visi
1028 1397 1103 1458 sunt
1129 1393 1193 1457 uisi
1220 1392 1388 1457 libidinem
1413 1413 1481 1456 esse
1504 1392 1658 1457 barum4

387 1522 494 1565 rerum
517 1499 760 1565 dominatricem
785 1502 818 1563 et
840 1521 951 1564 verum
973 1521 1042 1565 esse
1066 1499 1153 1584 quod
1177 1499 1292 1583 cuique
1315 1499 1473 1584 placuerit
1496 1504 1528 1564 et
1546 1521 1620 1585 pro-

388 1608 499 1672 batum
522 1608 628 1670 fuerit.
666 1605 730 1671 Sed
752 1610 835 1671 esto:
858 1628 918 1670 uos
941 1607 1078 1670 eundem
1098 1628 1194 1690 quem
1212 1606 1318 1670 adhuc
1336 1607 1498 1670 tramitem
1517 1627 1621 1692 gram

388 1714 523 1778 msticas
550 1715 629 1778 artis
656 1713 892 1798 persequimur3
919 1713 1155 1798 proficiscimur
1182 1717 1289 1778 autem
1317 1733 1403 1778 nuuc
1431 1713 1470 1778 ab
1498 1711 1623 1798 Hippia

389 1821 509 1885 maiore
540 1821 572 1884 h.
599 1842 623 1884 e.
652 1821 773 1885 maiore
801 1819 938 1884 duorum
965 1818 1110 1905 dialogo,
1143 1820 1260 1904 quibus
1287 1818 1427 1904 Hippiae
1456 1819 1619 1904 sophistae

387 1927 460 1992 Elei
478 1949 596 1991 nomen
616 1927 806 2011 inscriptum
825 1930 882 2009 est,
902 1926 958 2010 qui
975 1926 1066 2010 liber,
1085 1928 1152 1991 sive
1171 1926 1317 1991 Platonis
1337 1931 1395 2012 est,
1413 1926 1500 2011 quod
1519 1926 1620 1991 mults

388 2033 575 2099 dissuadent
600 2055 642 2096 ne
670 2033 830 2116 credatur,
856 2034 923 2098 sive
950 2054 1018 2098 non
1045 2037 1094 2098 est
1122 2033 1281 2118 Platonis,
1310 2033 1349 2097 de
1377 2033 1522 2098 oratione
1546 2054 1620 2098 cum

387 2140 508 2226 agitur,
540 2140 651 2205 eodem
683 2139 779 2225 plane
811 2139 942 2204 modulo
975 2161 1048 2205 cum
1080 2141 1255 2204 verissimis
1288 2139 1416 2226 scriptis
1444 2139 1620 2206 Platonicis

349 2273 374 2312 ιο
388 2247 567 2312 metiendus
591 2250 648 2312 est.
686 2246 730 2311 Et
752 2269 812 2312 nos
835 2246 912 2312 binc
932 2246 1032 2312 ordiri
1050 2251 1194 2313 nostram
1213 2246 1479 2328 observationem,
1501 2269 1567 2312 non
1586 2248 1620 2312 iu

388 2375 426 2418 eo
449 2375 484 2416 se
505 2352 589 2418 libro
609 2355 773 2418 continere
790 2353 949 2437 volumus,
971 2375 1083 2418 verum
1102 2353 1178 2418 dnm
1196 2352 1396 2418 Platonicam
1415 2354 1620 2437 potissimum

388 2459 651 2525 cousuetudinem
675 2459 834 2524 scribendi
858 2461 1023 2545 sequimur
1046 2465 1079 2525 et
1100 2459 1300 2547 indagamus,
1323 2460 1363 2524 ab
1383 2460 1440 2525 illo
1460 2461 1619 2545 principio

387 2563 456 2631 ἄνει
480 2566 535 2630 καὶ
556 2567 643 2632 κάτω
666 2571 820 2652 vagantes
843 2572 877 2632 et
898 2569 933 2632 in
955 2567 1054 2632 variis
1077 2567 1282 2633 deverticulis
1306 2567 1432 2632 itineris
1452 2569 1554 2632 nostri
1573 2568 1620 2634 in-

388 2673 536 2738 sistentes
560 2694 632 2738 cum
656 2676 810 2739 varietate
832 2673 955 2759 aliquid
978 2673 1130 2739 utilitatis
1153 2675 1194 2739 iis
1218 2675 1274 2758 qui
1292 2673 1460 2738 Platonem
1480 2673 1621 2761 diligunt

387 2781 501 2844 afferre
528 2781 676 2865 cupimus
702 2785 801 2866 atque
824 2781 864 2845 iis
887 2781 1034 2866 inprimis
1059 2802 1196 2866 quorum
1221 2780 1327 2845 studia
1351 2780 1390 2844 ad
1413 2781 1472 2846 has
1494 2781 1620 2846 litteras

387 2887 505 2952 collata
527 2887 678 2953 adiuvare
701 2893 734 2952 et
756 2888 891 2953 incitare
914 2888 964 2952 his
988 2889 1108 2954 nostris
1132 2888 1362 2973 scriptionibus
1386 2887 1533 2954 solemus.

476 3012 497 3058 1.
528 2993 568 3059 In
590 2993 712 3079 Hippia
735 2995 836 3081 igitur
858 2995 980 3060 maiore
998 2995 1075 3059 libri
1094 3017 1231 3080 quorum
1250 2995 1313 3060 fide
1331 2993 1374 3059 M.
1394 2992 1569 3060 Schausius
1588 2999 1621 3059 et

387 3100 473 3165 huuc
499 3100 646 3166 libellum
674 3106 707 3166 et
730 3107 853 3167 ceteros
876 3101 1067 3188 tetralogiae
1091 3103 1245 3186 septimae
1269 3125 1288 3166 a
1311 3102 1419 3169 codice
1443 3099 1621 3168 Oxouieusi

388 3209 510 3273 abenas
541 3209 702 3273 recensuit
733 3209 813 3274 baec
845 3210 966 3293 scripta
998 3207 1154 3274 exhibent
1186 3231 1251 3274 uon
1283 3209 1380 3294 longe
1412 3231 1431 3272 a
1460 3207 1620 3293 principio

346 3345 373 3384 so
388 3313 433 3402 (p
454 3315 483 3399 l,
503 3317 542 3381 11
560 3313 647 3403 Sch.)

567 3427 640 3488 ΣΩ.
674 3428 835 3490 Τοιοῦτον
861 3423 990 3507 μέντοι,
1023 3420 1048 3489 ὦ
1073 3421 1198 3506 Ἲιτιτιά,
1226 3421 1318 3490 ἔστιν
1344 3425 1382 3490 τὸ
1410 3433 1449 3510 τῇ
1478 3424 1619 3511 ἀληθείᾳ

523 3534 632 3613 σοφόν
654 3554 689 3595 τε
712 3529 767 3595 καὶ
790 3529 918 3595 τέλειον
940 3532 1047 3612 ἄνδρα
1071 3523 1165 3597 εἶναι.
1199 3534 1241 3595 σὺ
1261 3532 1323 3616 γὰρ
1343 3529 1398 3596 καὶ
1418 3533 1487 3619 ἰδίᾳ
1507 3532 1620 3608 ἱκανὸς

522 3629 554 3701 εἷ
582 3638 672 3721 παρὰ
704 3649 771 3702 τῶν
802 3635 889 3702 νέων
919 3638 1026 3703 πολλὰ
1058 3641 1206 3723 χρήματα
1236 3639 1414 3723 λαμβάνων
1441 3636 1490 3704 ἔτι
1518 3641 1619 3705 πλείω

522 3744 665 3827 ὠφελεῖν
687 3738 736 3809 ὧν
759 3744 950 3829 λαμβάνεις,
975 3743 1030 3809 καὶ
1054 3740 1097 3809 αὖ
1121 3746 1263 3830 δημοσίᾳ
1285 3747 1347 3829 τὴν
1370 3754 1496 3811 σαυτοῦ
1518 3748 1621 3811 πόλιν

434 3849 476 3914 15
522 3852 635 3927 ἱκανὸς
661 3850 860 3935 εὐεργετεῖν,
887 3852 997 3936 ὥσπερ
1026 3852 1087 3936 χρὴ
1115 3853 1174 3917 τὸν
1201 3852 1364 3936 μέλλοντα
1386 3853 1431 3937 μὴ
1454 3875 1620 3937 καταφρο-

522 3961 684 4041 νήσεσθαι
719 3956 792 4024 ἀλλ’
833 3959 1065 4043 εὐδοκιμήσειν
1102 3957 1139 4023 ἐν
1171 3969 1240 4035 τοῖς
1271 3964 1417 4036 πολλοῖς.
1459 3957 1560 4043 ἀτάρ,
1593 3954 1618 4023 ὦ

517 4062 642 4148 Ἱππία,
665 4067 699 4130 τί
719 4087 798 4130 τοτε
821 4067 858 4131 τὸ
883 4066 1006 4149 αἴτιον,
1030 4064 1081 4130 ὅτι
1105 4067 1137 4130 ol
1161 4064 1295 4130 malasci
1320 4063 1451 4146 ἐκεῖνοι,
1474 4059 1523 4131 ὧν
1545 4065 1620 4131 ὀνό-

522 4197 609 4254 ματα
631 4174 757 4257 μεγάλα
779 4171 907 4255 λέγεται
931 4170 985 4238 ἐπὶ
1009 4173 1123 4258 σοφίᾳ,
1147 4176 1317 4237 Πιττακοῦ
1340 4194 1376 4237 τε
1399 4171 1453 4237 καὶ
1478 4173 1621 4249 Βίαντος

521 4278 577 4344 καὶ
604 4290 671 4344 τῶν
699 4276 784 4363 ἀμφὶ
812 4280 873 4343 τὸν
899 4280 1072 4361 Μιλήσιον
1097 4282 1211 4363 Θαλῆν
1237 4277 1292 4344 καὶ
1316 4275 1365 4343 ἔτι
1389 4291 1456 4344 τῶν
1478 4278 1621 4365 ὕστερον

346 4414 373 4453 ιο
432 4384 476 4449 20
520 4384 615 4471 μέχρι
634 4383 872 4469 Ἀναξαγόρου,
900 4386 945 4462 ὡς
971 4384 992 4469 ἢ
1019 4385 1139 4462 πάντες
1166 4384 1186 4468 ἣ
1211 4386 1247 4451 ol
1266 4382 1384 4451 πολλοὶ
1408 4386 1520 4451 αὐτῶν
1543 4387 1620 4471 φαί-

521 4516 636 4557 νονται
660 4491 857 4576 ἀντεχόμενοι
878 4502 947 4557 τῶν
968 4497 1150 4557 πολιτικῶν
1172 4490 1336 4578 apelleum

567 4602 629 4663 m.
661 4601 702 4663 Τί
723 4597 755 4663 δ’
781 4605 854 4682 οἴει,
877 4593 904 4662 ὧ
928 4599 1118 4684 Σώκρατες,
1141 4600 1221 4665 ἄλλο
1245 4622 1283 4682 με
1306 4598 1325 4682 ἣ
1350 4598 1511 4665 ἀδύνατοι
1535 4594 1620 4683 ἦσαν

520 4707 576 4770 καὶ
601 4705 663 4790 οὐχ
686 4703 795 4770 [κοινοὶ
818 4703 1021 4783 ἐξικνεῖσθαι
1045 4709 1208 4791 φρονήσει
1232 4704 1288 4771 ἐπ’
1311 4706 1495 4791 ἀμφότερα,
1523 4706 1563 4773 τά
1586 4730 1620 4771 τε

521 4814 619 4877 κοινὰ
640 4811 696 4876 καὶ
719 4814 760 4876 τὰ
782 4813 865 4889 λδια;

386 4917 424 4982 ln
453 4940 518 5003 qus
544 4924 635 5004 parte
663 4920 819 4984 sermonis
843 4918 1007 4984 Socratem
1032 4920 1116 4985 inter
1139 4925 1171 4984 et
1194 4920 1349 5005 Hippiam
1374 4921 1514 4987 instituti
1536 4920 1620 4987 nibil

387 5030 437 5090 est
464 5026 550 5110 quod
578 5030 635 5090 aut
662 5026 915 5111 vituperaverint
943 5026 999 5090 alii
1023 5030 1078 5091 aut
1101 5049 1160 5091 nos
1183 5028 1397 5112 vituperaturi
1421 5029 1536 5109 simus,
1563 5028 1619 5093 sed

386 5132 543 5198 nonnulla
570 5134 682 5198 insunt
707 5133 795 5198 baud
821 5134 955 5220 indigna
979 5154 1061 5217 quae
1085 5134 1189 5198 acrius
1213 5134 1519 5219 animadvertantur,
1546 5156 1620 5221 pro·

386 5244 497 5325 pterea
524 5241 611 5325 quod
638 5241 808 5306 subvenire
830 5262 926 5326 posse
949 5238 1022 5305 aliis
1045 5239 1196 5305 videntur
1219 5262 1300 5327 quae
1323 5242 1507 5309 criticorum
1532 5242 1619 5308 fasti·

387 5347 477 5412 dium
495 5348 740 5434 corrigendique
758 5347 967 5433 cupiditatem
986 5352 1163 5413 moverunt.
1195 5348 1340 5415 Primum
1358 5349 1438 5415 haec
1456 5346 1618 5437 (lt-15)
