<?xml version="1.0" encoding="UTF-8"?>
<!DOCTYPE html PUBLIC "-//W3C//DTD XHTML 1.0 Transitional//EN"
    "http://www.w3.org/TR/xhtml1/DTD/xhtml1-transitional.dtd">
<html xmlns="http://www.w3.org/1999/xhtml" xml:lang="en" lang="en">
 <head>
  <title>
</title>
<meta http-equiv="Content-Type" content="text/html;charset=utf-8" />
  <meta name='ocr-system' content='tesseract 3.04.00' />
  <meta name='ocr-capabilities' content='ocr_page ocr_carea ocr_par ocr_line ocrx_word'/>
</head>
<body>
  <div class='ocr_page' id='page_1' title='image "./iohannisvahleni01vahlgoog/iohannisvahleni01vahlgoog_0021.png"; bbox 0 0 3925 6675; ppageno 0'>
   <div class='ocr_carea' id='block_1_1' title="bbox 754 1116 1577 1180">
    <p class='ocr_par' dir='ltr' id='par_1_1' title="bbox 754 1116 1577 1180">
     <span class='ocr_line' id='line_1_1' title="bbox 754 1116 1577 1180; baseline 0 -11"><span class='ocrx_word' id='word_1_1' title='bbox 754 1119 805 1169; x_wconf 84' lang='lat' dir='ltr'><strong>DE</strong></span> <span class='ocrx_word' id='word_1_2' title='bbox 818 1118 996 1170; x_wconf 79' lang='lat' dir='ltr'>PLATONIS</span> <span class='ocrx_word' id='word_1_3' title='bbox 1010 1118 1156 1170; x_wconf 72' lang='lat' dir='ltr'><strong>Gouola.</strong></span> <span class='ocrx_word' id='word_1_4' title='bbox 1536 1116 1577 1180; x_wconf 85' lang='lat'><strong>13</strong></span> 
     </span>
    </p>
   </div>
   <div class='ocr_carea' id='block_1_2' title="bbox 477 1276 1577 1474">
    <p class='ocr_par' dir='ltr' id='par_1_2' title="bbox 477 1276 1577 1474">
     <span class='ocr_line' id='line_1_2' title="bbox 477 1276 1577 1366; baseline 0 -22"><span class='ocrx_word' id='word_1_5' title='bbox 477 1281 556 1360; x_wconf 83' lang='grc' dir='ltr'><strong><em>βίον</em></strong></span> <span class='ocrx_word' id='word_1_6' title='bbox 586 1279 769 1364; x_wconf 75' lang='grc' dir='ltr'><strong><em>εὐδαίμονα</em></strong></span> <span class='ocrx_word' id='word_1_7' title='bbox 799 1278 956 1364; x_wconf 80' lang='grc' dir='ltr'><strong><em>παρέχειν</em></strong></span> <span class='ocrx_word' id='word_1_8' title='bbox 987 1276 1086 1366; x_wconf 82' lang='lat' dir='ltr'><strong>(conf.</strong></span> <span class='ocrx_word' id='word_1_9' title='bbox 1113 1278 1300 1344; x_wconf 85' lang='lat' dir='ltr'><strong>Aristotelis</strong></span> <span class='ocrx_word' id='word_1_10' title='bbox 1328 1281 1482 1345; x_wconf 80' lang='grc' dir='ltr'><strong><em>πολιτικά</em></strong></span> <span class='ocrx_word' id='word_1_11' title='bbox 1510 1298 1529 1342; x_wconf 81' lang='lat' dir='ltr'>v</span> <span class='ocrx_word' id='word_1_12' title='bbox 1556 1279 1577 1344; x_wconf 92' lang='lat'>8</span> 
     </span>
     <span class='ocr_line' id='line_1_3' title="bbox 477 1383 724 1474; baseline -0.004 -24"><span class='ocrx_word' id='word_1_13' title='bbox 477 1408 508 1470; x_wconf 86' lang='lat' dir='ltr'><strong>p.</strong></span> <span class='ocrx_word' id='word_1_14' title='bbox 529 1385 642 1450; x_wconf 83' lang='lat' dir='ltr'>1308b</span> <span class='ocrx_word' id='word_1_15' title='bbox 657 1383 724 1474; x_wconf 80' lang='lat'>21).</span> 
     </span>
    </p>
   </div>
   <div class='ocr_carea' id='block_1_3' title="bbox 296 1490 1617 5431">
    <p class='ocr_par' dir='ltr' id='par_1_3' title="bbox 296 1490 1617 5431">
     <span class='ocr_line' id='line_1_4' title="bbox 340 1490 1578 1578; baseline 0.001 -22"><span class='ocrx_word' id='word_1_16' title='bbox 340 1490 491 1576; x_wconf 90' lang='lat' dir='ltr'><strong>Utroque</strong></span> <span class='ocrx_word' id='word_1_17' title='bbox 513 1493 586 1557; x_wconf 91' lang='lat' dir='ltr'><strong>loco</strong></span> <span class='ocrx_word' id='word_1_18' title='bbox 609 1493 685 1558; x_wconf 89' lang='grc' dir='ltr'><strong><em>τινά</em></strong></span> <span class='ocrx_word' id='word_1_19' title='bbox 708 1493 820 1557; x_wconf 86' lang='lat' dir='ltr'><strong>abesse</strong></span> <span class='ocrx_word' id='word_1_20' title='bbox 843 1494 961 1578; x_wconf 90' lang='lat' dir='ltr'><strong>potuit,</strong></span> <span class='ocrx_word' id='word_1_21' title='bbox 988 1494 1145 1557; x_wconf 84' lang='lat' dir='ltr'><strong>removeri</strong></span> <span class='ocrx_word' id='word_1_22' title='bbox 1169 1515 1234 1559; x_wconf 90' lang='lat' dir='ltr'><strong>non</strong></span> <span class='ocrx_word' id='word_1_23' title='bbox 1258 1497 1365 1578; x_wconf 88' lang='lat' dir='ltr'><strong>potest</strong></span> <span class='ocrx_word' id='word_1_24' title='bbox 1388 1494 1457 1558; x_wconf 87' lang='lat' dir='ltr'><strong>sine</strong></span> <span class='ocrx_word' id='word_1_25' title='bbox 1481 1492 1578 1558; x_wconf 89' lang='lat' dir='ltr'><strong>detri-</strong></span> 
     </span>
     <span class='ocr_line' id='line_1_5' title="bbox 340 1598 1576 1686; baseline 0.004 -25"><span class='ocrx_word' id='word_1_26' title='bbox 340 1602 453 1662; x_wconf 89' lang='lat' dir='ltr'><strong>mento</strong></span> <span class='ocrx_word' id='word_1_27' title='bbox 472 1598 637 1664; x_wconf 91' lang='lat' dir='ltr'><strong>orationis.</strong></span> <span class='ocrx_word' id='word_1_28' title='bbox 674 1598 720 1664; x_wconf 82' lang='lat' dir='ltr'><strong>Et</strong></span> <span class='ocrx_word' id='word_1_29' title='bbox 737 1598 800 1665; x_wconf 90' lang='lat' dir='ltr'><strong>hoc</strong></span> <span class='ocrx_word' id='word_1_30' title='bbox 819 1621 922 1685; x_wconf 83' lang='lat' dir='ltr'><strong>genus</strong></span> <span class='ocrx_word' id='word_1_31' title='bbox 941 1621 1036 1664; x_wconf 89' lang='lat' dir='ltr'><strong>omne</strong></span> <span class='ocrx_word' id='word_1_32' title='bbox 1055 1601 1288 1685; x_wconf 87' lang='lat' dir='ltr'><strong>appositorum,</strong></span> <span class='ocrx_word' id='word_1_33' title='bbox 1311 1621 1392 1686; x_wconf 89' lang='lat' dir='ltr'><strong>quae</strong></span> <span class='ocrx_word' id='word_1_34' title='bbox 1411 1605 1576 1684; x_wconf 75' lang='lat' dir='ltr'><strong>tamquam</strong></span> 
     </span>
     <span class='ocr_line' id='line_1_6' title="bbox 340 1706 1577 1792; baseline 0.002 -23"><span class='ocrx_word' id='word_1_35' title='bbox 340 1707 568 1789; x_wconf 87' lang='lat' dir='ltr'><strong>supplementa</strong></span> <span class='ocrx_word' id='word_1_36' title='bbox 591 1707 748 1790; x_wconf 77' lang='lat' dir='ltr'>quaedam</span> <span class='ocrx_word' id='word_1_37' title='bbox 770 1706 965 1791; x_wconf 88' lang='lat' dir='ltr'><strong>praemissae</strong></span> <span class='ocrx_word' id='word_1_38' title='bbox 989 1707 1129 1771; x_wconf 90' lang='lat' dir='ltr'><strong>orationi</strong></span> <span class='ocrx_word' id='word_1_39' title='bbox 1152 1706 1377 1792; x_wconf 86' lang='lat' dir='ltr'><strong>subiiciuntur,</strong></span> <span class='ocrx_word' id='word_1_40' title='bbox 1401 1707 1465 1771; x_wconf 88' lang='lat' dir='ltr'><strong>late</strong></span> <span class='ocrx_word' id='word_1_41' title='bbox 1488 1711 1577 1792; x_wconf 85' lang='lat' dir='ltr'><strong>patet</strong></span> 
     </span>
     <span class='ocr_line' id='line_1_7' title="bbox 339 1812 1577 1897; baseline 0.002 -21"><span class='ocrx_word' id='word_1_42' title='bbox 339 1812 519 1896; x_wconf 89' lang='lat' dir='ltr'><strong>multisque</strong></span> <span class='ocrx_word' id='word_1_43' title='bbox 547 1813 611 1878; x_wconf 87' lang='lat' dir='ltr'><strong>fuit</strong></span> <span class='ocrx_word' id='word_1_44' title='bbox 638 1813 730 1878; x_wconf 88' lang='lat' dir='ltr'><strong>valde</strong></span> <span class='ocrx_word' id='word_1_45' title='bbox 758 1812 925 1878; x_wconf 76' lang='lat' dir='ltr'><strong>familiare.</strong></span> <span class='ocrx_word' id='word_1_46' title='bbox 975 1812 1067 1878; x_wconf 80' lang='lat' dir='ltr'><strong>Talia</strong></span> <span class='ocrx_word' id='word_1_47' title='bbox 1094 1813 1230 1879; x_wconf 84' lang='lat' dir='ltr'><strong>dicimus</strong></span> <span class='ocrx_word' id='word_1_48' title='bbox 1258 1813 1367 1897; x_wconf 78' lang='lat' dir='ltr'><strong>qualia</strong></span> <span class='ocrx_word' id='word_1_49' title='bbox 1394 1814 1473 1878; x_wconf 90' lang='lat' dir='ltr'><strong>haec</strong></span> <span class='ocrx_word' id='word_1_50' title='bbox 1501 1818 1577 1879; x_wconf 90' lang='lat' dir='ltr'><strong>sunt</strong></span> 
     </span>
     <span class='ocr_line' id='line_1_8' title="bbox 339 1916 970 2004; baseline 0.005 -22"><span class='ocrx_word' id='word_1_51' title='bbox 339 1916 498 1996; x_wconf 85' lang='lat' dir='ltr'><strong>Platonis,</strong></span> <span class='ocrx_word' id='word_1_52' title='bbox 520 1941 624 2004; x_wconf 88' lang='lat' dir='ltr'><strong>pauca</strong></span> <span class='ocrx_word' id='word_1_53' title='bbox 647 1920 685 1984; x_wconf 92' lang='lat' dir='ltr'><strong>de</strong></span> <span class='ocrx_word' id='word_1_54' title='bbox 708 1919 819 1988; x_wconf 86' lang='lat' dir='ltr'><strong>multis</strong></span> <span class='ocrx_word' id='word_1_55' title='bbox 843 1920 970 2004; x_wconf 87' lang='lat' dir='ltr'><strong>selecta,</strong></span> 
     </span>
     <span class='ocr_line' id='line_1_9' title="bbox 478 2026 1575 2115; baseline 0.001 -23"><span class='ocrx_word' id='word_1_56' title='bbox 478 2028 605 2092; x_wconf 87' lang='grc' dir='ltr'><strong><em>οὔκουν</em></strong></span> <span class='ocrx_word' id='word_1_57' title='bbox 632 2028 713 2093; x_wconf 86' lang='grc' dir='ltr'><strong><em>άλλο</em></strong></span> <span class='ocrx_word' id='word_1_58' title='bbox 741 2026 796 2092; x_wconf 82' lang='grc' dir='ltr'><strong><em>καὶ</em></strong></span> <span class='ocrx_word' id='word_1_59' title='bbox 824 2030 925 2110; x_wconf 81' lang='grc' dir='ltr'><strong><em>ἔργον</em></strong></span> <span class='ocrx_word' id='word_1_60' title='bbox 950 2026 1093 2115; x_wconf 81' lang='grc' dir='ltr'><strong><em>ἐκατέρῳ</em></strong></span> <span class='ocrx_word' id='word_1_61' title='bbox 1115 2031 1275 2112; x_wconf 76' lang='grc' dir='ltr'><strong><em>προσήκει</em></strong></span> <span class='ocrx_word' id='word_1_62' title='bbox 1297 2029 1515 2112; x_wconf 78' lang='grc' dir='ltr'><strong><em>προστάττειν</em></strong></span> <span class='ocrx_word' id='word_1_63' title='bbox 1537 2029 1575 2093; x_wconf 90' lang='grc' dir='ltr'><strong><em>τὸ</em></strong></span> 
     </span>
     <span class='ocr_line' id='line_1_10' title="bbox 476 2134 1232 2219; baseline -0.001 -21"><span class='ocrx_word' id='word_1_64' title='bbox 476 2136 559 2198; x_wconf 76' lang='grc' dir='ltr'><strong><em>κατὰ</em></strong></span> <span class='ocrx_word' id='word_1_65' title='bbox 581 2136 642 2218; x_wconf 82' lang='grc' dir='ltr'><strong><em>τὴν</em></strong></span> <span class='ocrx_word' id='word_1_66' title='bbox 665 2134 769 2199; x_wconf 89' lang='grc' dir='ltr'><strong><em>αὑτοῦ</em></strong></span> <span class='ocrx_word' id='word_1_67' title='bbox 793 2136 900 2218; x_wconf 90' lang='grc' dir='ltr'><strong><em>φύσιν</em></strong></span> <span class='ocrx_word' id='word_1_68' title='bbox 923 2138 1038 2199; x_wconf 88' lang='grc' dir='ltr'><strong><em>Πολιτ.</em></strong></span> <span class='ocrx_word' id='word_1_69' title='bbox 1071 2153 1094 2196; x_wconf 89' lang='lat' dir='ltr'>v</span> <span class='ocrx_word' id='word_1_70' title='bbox 1108 2135 1184 2217; x_wconf 80' lang='lat'><strong>223,</strong></span> <span class='ocrx_word' id='word_1_71' title='bbox 1197 2134 1232 2219; x_wconf 80' lang='lat'><strong>33</strong></span> 
     </span>
     <span class='ocr_line' id='line_1_11' title="bbox 477 2239 1617 2326; baseline 0.003 -22"><span class='ocrx_word' id='word_1_72' title='bbox 477 2239 667 2323; x_wconf 80' lang='grc' dir='ltr'><strong><em>ἐκλέγονται</em></strong></span> <span class='ocrx_word' id='word_1_73' title='bbox 695 2240 731 2307; x_wconf 86' lang='grc' dir='ltr'><strong>ἐκ</strong></span> <span class='ocrx_word' id='word_1_74' title='bbox 758 2242 929 2307; x_wconf 85' lang='grc' dir='ltr'><strong><em>τοσούτων</em></strong></span> <span class='ocrx_word' id='word_1_75' title='bbox 956 2240 1139 2325; x_wconf 79' lang='grc' dir='ltr'><strong><em>χρωμάτων</em></strong></span> <span class='ocrx_word' id='word_1_76' title='bbox 1169 2245 1250 2323; x_wconf 86' lang='grc' dir='ltr'><strong><em>μίαν</em></strong></span> <span class='ocrx_word' id='word_1_77' title='bbox 1283 2243 1389 2326; x_wconf 87' lang='grc' dir='ltr'><strong><em>φύσιν</em></strong></span> <span class='ocrx_word' id='word_1_78' title='bbox 1418 2244 1480 2326; x_wconf 82' lang='grc' dir='ltr'><strong><em>τὴν</em></strong></span> <span class='ocrx_word' id='word_1_79' title='bbox 1507 2253 1575 2308; x_wconf 82' lang='grc' dir='ltr'><strong><em>τῶν</em></strong></span> <span class='ocrx_word' id='word_1_80' title='bbox 1590 2266 1617 2307; x_wconf 84' lang='lat' dir='ltr'><strong>rc</strong></span> 
     </span>
     <span class='ocr_line' id='line_1_12' title="bbox 478 2348 904 2434; baseline 0 -22"><span class='ocrx_word' id='word_1_81' title='bbox 478 2351 607 2412; x_wconf 78' lang='grc' dir='ltr'><strong><em>λευκῶν</em></strong></span> <span class='ocrx_word' id='word_1_82' title='bbox 629 2348 705 2413; x_wconf 87' lang='lat' dir='ltr'><strong>ibid.</strong></span> <span class='ocrx_word' id='word_1_83' title='bbox 729 2349 904 2434; x_wconf 83' lang='lat' dir='ltr'><strong>1v184,1;</strong></span> 
     </span>
     <span class='ocr_line' id='line_1_13' title="bbox 477 2453 1575 2541; baseline 0.001 -22"><span class='ocrx_word' id='word_1_84' title='bbox 477 2453 532 2519; x_wconf 79' lang='grc' dir='ltr'><strong><em>καί</em></strong></span> <span class='ocrx_word' id='word_1_85' title='bbox 557 2457 623 2539; x_wconf 77' lang='grc' dir='ltr'><strong><em>ἅμα</em></strong></span> <span class='ocrx_word' id='word_1_86' title='bbox 645 2459 705 2539; x_wconf 85' lang='grc' dir='ltr'><strong>μία</strong></span> <span class='ocrx_word' id='word_1_87' title='bbox 727 2454 783 2520; x_wconf 77' lang='grc' dir='ltr'><strong><em>καὶ</em></strong></span> <span class='ocrx_word' id='word_1_88' title='bbox 802 2456 885 2540; x_wconf 81' lang='grc' dir='ltr'><strong><em>αὕτη</em></strong></span> <span class='ocrx_word' id='word_1_89' title='bbox 904 2467 972 2520; x_wconf 84' lang='grc' dir='ltr'><strong><em>τῶν</em></strong></span> <span class='ocrx_word' id='word_1_90' title='bbox 990 2457 1148 2539; x_wconf 78' lang='grc' dir='ltr'><strong><em>βασάνων</em></strong></span> <span class='ocrx_word' id='word_1_91' title='bbox 1167 2455 1228 2540; x_wconf 86' lang='grc' dir='ltr'><strong>οὐχ</strong></span> <span class='ocrx_word' id='word_1_92' title='bbox 1248 2454 1411 2541; x_wconf 75' lang='grc' dir='ltr'><strong><em>ἐλαχίστη,</em></strong></span> <span class='ocrx_word' id='word_1_93' title='bbox 1434 2459 1484 2533; x_wconf 89' lang='grc' dir='ltr'><strong><em>τίς</em></strong></span> <span class='ocrx_word' id='word_1_94' title='bbox 1503 2454 1575 2520; x_wconf 81' lang='grc' dir='ltr'><strong><em>ἕκα-</em></strong></span> 
     </span>
     <span class='ocr_line' id='line_1_14' title="bbox 478 2561 1416 2646; baseline 0.001 -21"><span class='ocrx_word' id='word_1_95' title='bbox 478 2580 555 2639; x_wconf 92' lang='grc' dir='ltr'><strong><em>στος</em></strong></span> <span class='ocrx_word' id='word_1_96' title='bbox 579 2561 616 2627; x_wconf 86' lang='grc' dir='ltr'><strong>ἐν</strong></span> <span class='ocrx_word' id='word_1_97' title='bbox 639 2573 710 2640; x_wconf 80' lang='grc' dir='ltr'><strong><em>τοῖς</em></strong></span> <span class='ocrx_word' id='word_1_98' title='bbox 732 2565 930 2645; x_wconf 83' lang='grc' dir='ltr'><strong><em>γυμνασίοις</em></strong></span> <span class='ocrx_word' id='word_1_99' title='bbox 952 2573 1107 2646; x_wconf 84' lang='grc' dir='ltr'><strong><em>φανεῖται</em></strong></span> <span class='ocrx_word' id='word_1_100' title='bbox 1129 2562 1206 2627; x_wconf 88' lang='lat' dir='ltr'><strong>ibid.</strong></span> <span class='ocrx_word' id='word_1_101' title='bbox 1225 2579 1276 2626; x_wconf 81' lang='lat' dir='ltr'><strong>vn</strong></span> <span class='ocrx_word' id='word_1_102' title='bbox 1292 2562 1368 2646; x_wconf 87' lang='lat'><strong>368,</strong></span> <span class='ocrx_word' id='word_1_103' title='bbox 1382 2565 1416 2646; x_wconf 76' lang='grc'><strong>2,</strong></span> 
     </span>
     <span class='ocr_line' id='line_1_15' title="bbox 477 2659 1575 2755; baseline 0.002 -23"><span class='ocrx_word' id='word_1_104' title='bbox 477 2681 545 2733; x_wconf 87' lang='grc' dir='ltr'><strong><em>τῶν</em></strong></span> <span class='ocrx_word' id='word_1_105' title='bbox 574 2670 612 2735; x_wconf 77' lang='grc' dir='ltr'><strong>δὲ</strong></span> <span class='ocrx_word' id='word_1_106' title='bbox 641 2670 803 2753; x_wconf 90' lang='grc' dir='ltr'><strong><em>φυλάκων</em></strong></span> <span class='ocrx_word' id='word_1_107' title='bbox 832 2672 910 2746; x_wconf 87' lang='grc' dir='ltr'><strong><em>τοὺς</em></strong></span> <span class='ocrx_word' id='word_1_108' title='bbox 939 2665 1002 2753; x_wconf 74' lang='grc' dir='ltr'><strong>μὲν</strong></span> <span class='ocrx_word' id='word_1_109' title='bbox 1034 2669 1132 2747; x_wconf 81' lang='grc' dir='ltr'><strong><em>νέους</em></strong></span> <span class='ocrx_word' id='word_1_110' title='bbox 1162 2659 1236 2734; x_wconf 75' lang='grc' dir='ltr'><strong><em>οἷον</em></strong></span> <span class='ocrx_word' id='word_1_111' title='bbox 1267 2667 1304 2734; x_wconf 91' lang='grc' dir='ltr'><strong>ἐν</strong></span> <span class='ocrx_word' id='word_1_112' title='bbox 1331 2671 1415 2755; x_wconf 81' lang='grc' dir='ltr'><strong><em>άκρρι</em></strong></span> <span class='ocrx_word' id='word_1_113' title='bbox 1442 2679 1575 2755; x_wconf 77' lang='grc' dir='ltr'><strong><em>κορυφῇ</em></strong></span> 
     </span>
     <span class='ocr_line' id='line_1_16' title="bbox 478 2775 1574 2861; baseline 0.001 -21"><span class='ocrx_word' id='word_1_114' title='bbox 478 2775 757 2861; x_wconf 78' lang='grc' dir='ltr'><strong><em>ἀπειλημμένους,</em></strong></span> <span class='ocrx_word' id='word_1_115' title='bbox 785 2779 864 2852; x_wconf 86' lang='grc' dir='ltr'><strong><em>τοὺς</em></strong></span> <span class='ocrx_word' id='word_1_116' title='bbox 891 2776 1152 2859; x_wconf 81' lang='grc' dir='ltr'><strong><em>εὐφυεστάτους,</em></strong></span> <span class='ocrx_word' id='word_1_117' title='bbox 1182 2775 1341 2861; x_wconf 82' lang='grc' dir='ltr'><strong><em>ὀξύτητας</em></strong></span> <span class='ocrx_word' id='word_1_118' title='bbox 1364 2775 1402 2842; x_wconf 84' lang='grc' dir='ltr'><strong>έν</strong></span> <span class='ocrx_word' id='word_1_119' title='bbox 1424 2778 1512 2861; x_wconf 77' lang='grc' dir='ltr'><strong><em>πάσῃ</em></strong></span> <span class='ocrx_word' id='word_1_120' title='bbox 1535 2785 1574 2861; x_wconf 77' lang='grc' dir='ltr'><strong><em>τῇ</em></strong></span> 
     </span>
     <span class='ocr_line' id='line_1_17' title="bbox 477 2880 1575 2971; baseline -0.002 -23"><span class='ocrx_word' id='word_1_121' title='bbox 477 2892 566 2968; x_wconf 68' lang='grc' dir='ltr'><strong><em>ψυχῇ</em></strong></span> <span class='ocrx_word' id='word_1_122' title='bbox 594 2880 732 2967; x_wconf 83' lang='grc' dir='ltr'><strong><em>ἔχοντας</em></strong></span> <span class='ocrx_word' id='word_1_123' title='bbox 758 2884 834 2966; x_wconf 82' lang='grc' dir='ltr'><strong><em>περὶ</em></strong></span> <span class='ocrx_word' id='word_1_124' title='bbox 862 2883 945 2966; x_wconf 81' lang='grc' dir='ltr'><strong><em>ὅλην</em></strong></span> <span class='ocrx_word' id='word_1_125' title='bbox 970 2883 1081 2971; x_wconf 82' lang='grc' dir='ltr'><strong><em>κύκλῳ</em></strong></span> <span class='ocrx_word' id='word_1_126' title='bbox 1109 2885 1171 2967; x_wconf 83' lang='grc' dir='ltr'><strong><em>τὴν</em></strong></span> <span class='ocrx_word' id='word_1_127' title='bbox 1197 2885 1296 2948; x_wconf 83' lang='grc' dir='ltr'><strong><em>πόλιν</em></strong></span> <span class='ocrx_word' id='word_1_128' title='bbox 1324 2883 1408 2967; x_wconf 87' lang='grc' dir='ltr'><strong><em>ὁρᾶν</em></strong></span> <span class='ocrx_word' id='word_1_129' title='bbox 1430 2883 1505 2968; x_wconf 82' lang='lat' dir='ltr'><strong>Lag.</strong></span> <span class='ocrx_word' id='word_1_130' title='bbox 1525 2901 1575 2946; x_wconf 77' lang='grc' dir='ltr'><strong>ΧΗ</strong></span> 
     </span>
     <span class='ocr_line' id='line_1_18' title="bbox 477 2990 662 3073; baseline 0 -20"><span class='ocrx_word' id='word_1_131' title='bbox 477 2990 597 3073; x_wconf 62' lang='lat' dir='ltr'><strong>poue,</strong></span> <span class='ocrx_word' id='word_1_132' title='bbox 613 2991 662 3053; x_wconf 87' lang='lat'><strong>19.</strong></span> 
     </span>
     <span class='ocr_line' id='line_1_19' title="bbox 339 3095 663 3162; baseline 0.006 -4"><span class='ocrx_word' id='word_1_133' title='bbox 339 3095 404 3159; x_wconf 84' lang='lat' dir='ltr'><strong>Vel</strong></span> <span class='ocrx_word' id='word_1_134' title='bbox 427 3096 505 3160; x_wconf 89' lang='lat' dir='ltr'><strong>haec</strong></span> <span class='ocrx_word' id='word_1_135' title='bbox 528 3095 663 3162; x_wconf 91' lang='lat' dir='ltr'><strong>Diodori</strong></span> 
     </span>
     <span class='ocr_line' id='line_1_20' title="bbox 477 3202 1574 3290; baseline 0.001 -23"><span class='ocrx_word' id='word_1_136' title='bbox 477 3203 531 3269; x_wconf 82' lang='grc' dir='ltr'><strong><em>καὶ</em></strong></span> <span class='ocrx_word' id='word_1_137' title='bbox 560 3215 628 3269; x_wconf 84' lang='grc' dir='ltr'><strong><em>τῶν</em></strong></span> <span class='ocrx_word' id='word_1_138' title='bbox 654 3203 854 3286; x_wconf 75' lang='grc' dir='ltr'><strong><em>θυγατέρων</em></strong></span> <span class='ocrx_word' id='word_1_139' title='bbox 881 3207 961 3286; x_wconf 88' lang='grc' dir='ltr'><strong><em>μιάν</em></strong></span> <span class='ocrx_word' id='word_1_140' title='bbox 984 3205 1178 3280; x_wconf 79' lang='grc' dir='ltr'><strong><em>συνοικίσας</em></strong></span> <span class='ocrx_word' id='word_1_141' title='bbox 1201 3203 1289 3290; x_wconf 79' lang='grc' dir='ltr'><strong><em>αὐτῷ</em></strong></span> <span class='ocrx_word' id='word_1_142' title='bbox 1309 3205 1371 3286; x_wconf 83' lang='grc' dir='ltr'><strong><em>τὴν</em></strong></span> <span class='ocrx_word' id='word_1_143' title='bbox 1393 3202 1574 3286; x_wconf 84' lang='grc' dir='ltr'><strong><em>πρεσβυτά-</em></strong></span> 
     </span>
     <span class='ocr_line' id='line_1_21' title="bbox 475 3311 1614 3396; baseline 0 -21"><span class='ocrx_word' id='word_1_144' title='bbox 475 3336 536 3395; x_wconf 79' lang='grc' dir='ltr'><strong><em>την</em></strong></span> <span class='ocrx_word' id='word_1_145' title='bbox 564 3313 673 3376; x_wconf 87' lang='grc' dir='ltr'><strong><em>Φίλαν</em></strong></span> <span class='ocrx_word' id='word_1_146' title='bbox 695 3328 782 3375; x_wconf 84' lang='lat' dir='ltr'>xvlll</span> <span class='ocrx_word' id='word_1_147' title='bbox 800 3311 851 3393; x_wconf 90' lang='lat'><strong>18,</strong></span> <span class='ocrx_word' id='word_1_148' title='bbox 866 3311 899 3396; x_wconf 75' lang='lat'><strong>73</strong></span> <span class='ocrx_word' id='word_1_149' title='bbox 1588 3336 1614 3375; x_wconf 81' lang='lat' dir='ltr'><strong>ro</strong></span> 
     </span>
     <span class='ocr_line' id='line_1_22' title="bbox 475 3416 1336 3503; baseline -0.003 -20"><span class='ocrx_word' id='word_1_150' title='bbox 475 3416 652 3499; x_wconf 73' lang='grc' dir='ltr'><strong><em>ἐπέκρινον</em></strong></span> <span class='ocrx_word' id='word_1_151' title='bbox 675 3418 707 3495; x_wconf 83' lang='grc' dir='ltr'><strong>ἐξ</strong></span> <span class='ocrx_word' id='word_1_152' title='bbox 732 3417 860 3483; x_wconf 85' lang='grc' dir='ltr'><strong><em>ἑαυτῶν</em></strong></span> <span class='ocrx_word' id='word_1_153' title='bbox 882 3417 942 3483; x_wconf 82' lang='grc' dir='ltr'><strong><em>ἕνα</em></strong></span> <span class='ocrx_word' id='word_1_154' title='bbox 964 3420 1024 3483; x_wconf 90' lang='grc' dir='ltr'><strong><em>τὸν</em></strong></span> <span class='ocrx_word' id='word_1_155' title='bbox 1047 3420 1184 3501; x_wconf 79' lang='grc' dir='ltr'><strong><em>ἄριστον</em></strong></span> <span class='ocrx_word' id='word_1_156' title='bbox 1207 3417 1287 3502; x_wconf 79' lang='grc'><strong>175,</strong></span> <span class='ocrx_word' id='word_1_157' title='bbox 1300 3418 1336 3503; x_wconf 83' lang='lat'><strong>43</strong></span> 
     </span>
     <span class='ocr_line' id='line_1_23' title="bbox 476 3521 1575 3608; baseline 0 -20"><span class='ocrx_word' id='word_1_158' title='bbox 476 3526 655 3608; x_wconf 87' lang='grc' dir='ltr'><strong><em>τριάκοντα</em></strong></span> <span class='ocrx_word' id='word_1_159' title='bbox 678 3521 715 3590; x_wconf 72' lang='lat' dir='ltr'><strong>dt</strong></span> <span class='ocrx_word' id='word_1_160' title='bbox 739 3535 806 3590; x_wconf 89' lang='grc' dir='ltr'><strong><em>τῶν</em></strong></span> <span class='ocrx_word' id='word_1_161' title='bbox 828 3531 976 3590; x_wconf 79' lang='grc' dir='ltr'><strong><em>πολιτῶν</em></strong></span> <span class='ocrx_word' id='word_1_162' title='bbox 999 3527 1047 3602; x_wconf 83' lang='grc' dir='ltr'><strong><em>είς</em></strong></span> <span class='ocrx_word' id='word_1_163' title='bbox 1065 3526 1103 3591; x_wconf 90' lang='grc' dir='ltr'><strong><em>τὸ</em></strong></span> <span class='ocrx_word' id='word_1_164' title='bbox 1123 3523 1302 3607; x_wconf 78' lang='grc' dir='ltr'><strong><em>συνέδριον</em></strong></span> <span class='ocrx_word' id='word_1_165' title='bbox 1320 3527 1399 3601; x_wconf 89' lang='grc' dir='ltr'><strong><em>τοὺς</em></strong></span> <span class='ocrx_word' id='word_1_166' title='bbox 1417 3524 1575 3608; x_wconf 82' lang='grc' dir='ltr'><strong><em>ἀρίστους</em></strong></span> 
     </span>
     <span class='ocr_line' id='line_1_24' title="bbox 475 3630 844 3715; baseline 0.005 -20"><span class='ocrx_word' id='word_1_167' title='bbox 475 3630 654 3709; x_wconf 87' lang='grc' dir='ltr'><strong><em>κατατάξας</em></strong></span> <span class='ocrx_word' id='word_1_168' title='bbox 672 3650 733 3696; x_wconf 81' lang='lat' dir='ltr'><strong>xlv</strong></span> <span class='ocrx_word' id='word_1_169' title='bbox 749 3633 800 3715; x_wconf 77' lang='lat'><strong>79,</strong></span> <span class='ocrx_word' id='word_1_170' title='bbox 817 3635 844 3697; x_wconf 95' lang='grc'><strong>1.</strong></span> 
     </span>
     <span class='ocr_line' id='line_1_25' title="bbox 340 3737 1573 3822; baseline -0.001 -19"><span class='ocrx_word' id='word_1_171' title='bbox 340 3739 430 3815; x_wconf 87' lang='lat' dir='ltr'><strong>Quae</strong></span> <span class='ocrx_word' id='word_1_172' title='bbox 457 3738 597 3822; x_wconf 91' lang='lat' dir='ltr'><strong>plurima</strong></span> <span class='ocrx_word' id='word_1_173' title='bbox 626 3743 701 3802; x_wconf 91' lang='lat' dir='ltr'><strong>sunt</strong></span> <span class='ocrx_word' id='word_1_174' title='bbox 729 3739 763 3802; x_wconf 92' lang='lat' dir='ltr'><strong>in</strong></span> <span class='ocrx_word' id='word_1_175' title='bbox 791 3738 941 3803; x_wconf 89' lang='lat' dir='ltr'><strong>omnibus</strong></span> <span class='ocrx_word' id='word_1_176' title='bbox 964 3738 1101 3802; x_wconf 89' lang='lat' dir='ltr'><strong>Diodori</strong></span> <span class='ocrx_word' id='word_1_177' title='bbox 1123 3737 1229 3822; x_wconf 71' lang='lat' dir='ltr'><strong>libris,</strong></span> <span class='ocrx_word' id='word_1_178' title='bbox 1257 3738 1456 3820; x_wconf 90' lang='lat' dir='ltr'><strong>eundemque</strong></span> <span class='ocrx_word' id='word_1_179' title='bbox 1480 3759 1573 3802; x_wconf 89' lang='lat' dir='ltr'><strong>usum</strong></span> 
     </span>
     <span class='ocr_line' id='line_1_26' title="bbox 340 3843 1573 3930; baseline -0.001 -21"><span class='ocrx_word' id='word_1_180' title='bbox 340 3846 542 3930; x_wconf 77' lang='lat' dir='ltr'><strong>frequentem</strong></span> <span class='ocrx_word' id='word_1_181' title='bbox 565 3867 634 3909; x_wconf 85' lang='lat' dir='ltr'><strong>esse</strong></span> <span class='ocrx_word' id='word_1_182' title='bbox 658 3846 743 3928; x_wconf 90' lang='lat' dir='ltr'><strong>apud</strong></span> <span class='ocrx_word' id='word_1_183' title='bbox 766 3844 1002 3929; x_wconf 82' lang='lat' dir='ltr'><strong>Thucydidem,</strong></span> <span class='ocrx_word' id='word_1_184' title='bbox 1029 3845 1120 3910; x_wconf 90' lang='lat' dir='ltr'><strong>cuius</strong></span> <span class='ocrx_word' id='word_1_185' title='bbox 1143 3844 1206 3910; x_wconf 91' lang='lat' dir='ltr'><strong>hoo</strong></span> <span class='ocrx_word' id='word_1_186' title='bbox 1231 3845 1274 3908; x_wconf 92' lang='lat' dir='ltr'><strong>sit</strong></span> <span class='ocrx_word' id='word_1_187' title='bbox 1296 3846 1397 3908; x_wconf 87' lang='lat' dir='ltr'><strong>instar</strong></span> <span class='ocrx_word' id='word_1_188' title='bbox 1420 3843 1573 3926; x_wconf 90' lang='lat' dir='ltr'><strong>omnium,</strong></span> 
     </span>
     <span class='ocr_line' id='line_1_27' title="bbox 340 3952 432 4034; baseline 0 -19"><span class='ocrx_word' id='word_1_189' title='bbox 340 3952 432 4034; x_wconf 66' lang='lat' dir='ltr'><strong>ruo</strong></span> 
     </span>
     <span class='ocr_line' id='line_1_28' title="bbox 475 4056 1572 4146; baseline -0.002 -23"><span class='ocrx_word' id='word_1_190' title='bbox 475 4058 511 4123; x_wconf 90' lang='grc' dir='ltr'><strong>ἐκ</strong></span> <span class='ocrx_word' id='word_1_191' title='bbox 539 4070 596 4143; x_wconf 78' lang='grc' dir='ltr'><strong><em>τῆς</em></strong></span> <span class='ocrx_word' id='word_1_192' title='bbox 624 4061 725 4142; x_wconf 84' lang='grc' dir='ltr'><strong><em>άλλης</em></strong></span> <span class='ocrx_word' id='word_1_193' title='bbox 750 4057 915 4135; x_wconf 81' lang='grc' dir='ltr'><strong><em>Ἑλλάδος</em></strong></span> <span class='ocrx_word' id='word_1_194' title='bbox 942 4061 973 4125; x_wconf 79' lang='grc' dir='ltr'><strong>οἱ</strong></span> <span class='ocrx_word' id='word_1_195' title='bbox 1006 4058 1140 4146; x_wconf 80' lang='grc' dir='ltr'><strong><em>πολέμῳ</em></strong></span> <span class='ocrx_word' id='word_1_196' title='bbox 1167 4058 1187 4142; x_wconf 78' lang='grc' dir='ltr'>ἢ</span> <span class='ocrx_word' id='word_1_197' title='bbox 1216 4059 1328 4123; x_wconf 85' lang='grc' dir='ltr'><strong><em>στάσει</em></strong></span> <span class='ocrx_word' id='word_1_198' title='bbox 1360 4056 1572 4133; x_wconf 79' lang='grc' dir='ltr'><strong><em>ἐκπίπτοντες</em></strong></span> 
     </span>
     <span class='ocr_line' id='line_1_29' title="bbox 473 4163 1571 4250; baseline -0.003 -20"><span class='ocrx_word' id='word_1_199' title='bbox 473 4164 545 4248; x_wconf 81' lang='grc' dir='ltr'><strong><em>παρ’</em></strong></span> <span class='ocrx_word' id='word_1_200' title='bbox 565 4165 776 4250; x_wconf 79' lang='grc' dir='ltr'><strong><em>Ἀθηναίους</em></strong></span> <span class='ocrx_word' id='word_1_201' title='bbox 794 4168 831 4232; x_wconf 83' lang='grc' dir='ltr'><strong>οί</strong></span> <span class='ocrx_word' id='word_1_202' title='bbox 846 4167 1072 4231; x_wconf 76' lang='grc' dir='ltr'><strong><em>δυνατώτατοι</em></strong></span> <span class='ocrx_word' id='word_1_203' title='bbox 1091 4166 1135 4242; x_wconf 83' lang='grc' dir='ltr'><strong>ὡς</strong></span> <span class='ocrx_word' id='word_1_204' title='bbox 1153 4164 1290 4249; x_wconf 82' lang='grc' dir='ltr'><strong><em>βέβαιον</em></strong></span> <span class='ocrx_word' id='word_1_205' title='bbox 1309 4165 1349 4230; x_wconf 85' lang='grc' dir='ltr'><strong>ὃν</strong></span> <span class='ocrx_word' id='word_1_206' title='bbox 1367 4163 1571 4248; x_wconf 77' lang='grc' dir='ltr'><strong><em>ἀνεχώρουν,</em></strong></span> 
     </span>
     <span class='ocr_line' id='line_1_30' title="bbox 342 4270 1571 4358; baseline -0.002 -22"><span class='ocrx_word' id='word_1_207' title='bbox 342 4275 533 4358; x_wconf 79' lang='lat' dir='ltr'><strong>interpretes</strong></span> <span class='ocrx_word' id='word_1_208' title='bbox 552 4275 650 4337; x_wconf 89' lang='lat' dir='ltr'><strong>semel</strong></span> <span class='ocrx_word' id='word_1_209' title='bbox 669 4284 702 4338; x_wconf 87' lang='lat' dir='ltr'><strong>et</strong></span> <span class='ocrx_word' id='word_1_210' title='bbox 721 4276 837 4337; x_wconf 86' lang='lat' dir='ltr'><strong>iterum</strong></span> <span class='ocrx_word' id='word_1_211' title='bbox 856 4272 1060 4337; x_wconf 78' lang='lat' dir='ltr'><strong>adnotarunt.</strong></span> <span class='ocrx_word' id='word_1_212' title='bbox 1103 4270 1326 4356; x_wconf 84' lang='lat' dir='ltr'><strong>Quoniamque</strong></span> <span class='ocrx_word' id='word_1_213' title='bbox 1345 4271 1406 4335; x_wconf 92' lang='lat' dir='ltr'><strong>hoc</strong></span> <span class='ocrx_word' id='word_1_214' title='bbox 1425 4270 1571 4334; x_wconf 85' lang='lat' dir='ltr'><strong>nativum</strong></span> 
     </span>
     <span class='ocr_line' id='line_1_31' title="bbox 296 4377 1612 4465; baseline 0.001 -23"><span class='ocrx_word' id='word_1_215' title='bbox 296 4389 442 4465; x_wconf 80' lang='lat' dir='ltr'><strong>legonus</strong></span> <span class='ocrx_word' id='word_1_216' title='bbox 471 4387 520 4444; x_wconf 86' lang='lat' dir='ltr'><strong>est</strong></span> <span class='ocrx_word' id='word_1_217' title='bbox 547 4380 687 4462; x_wconf 89' lang='lat' dir='ltr'><strong>dicendi,</strong></span> <span class='ocrx_word' id='word_1_218' title='bbox 709 4403 777 4445; x_wconf 89' lang='lat' dir='ltr'><strong>non</strong></span> <span class='ocrx_word' id='word_1_219' title='bbox 803 4380 975 4445; x_wconf 82' lang='lat' dir='ltr'><strong>artificiose</strong></span> <span class='ocrx_word' id='word_1_220' title='bbox 1004 4380 1198 4462; x_wconf 90' lang='lat' dir='ltr'><strong>quaesitum,</strong></span> <span class='ocrx_word' id='word_1_221' title='bbox 1225 4378 1288 4443; x_wconf 91' lang='lat' dir='ltr'><strong>hoc</strong></span> <span class='ocrx_word' id='word_1_222' title='bbox 1314 4377 1398 4442; x_wconf 91' lang='lat' dir='ltr'><strong>idem</strong></span> <span class='ocrx_word' id='word_1_223' title='bbox 1426 4377 1459 4441; x_wconf 91' lang='lat' dir='ltr'><strong>in</strong></span> <span class='ocrx_word' id='word_1_224' title='bbox 1486 4397 1571 4441; x_wconf 89' lang='lat' dir='ltr'><strong>com·</strong></span> <span class='ocrx_word' id='word_1_225' title='bbox 1585 4402 1612 4443; x_wconf 88' lang='lat' dir='ltr'><strong>ao</strong></span> 
     </span>
     <span class='ocr_line' id='line_1_32' title="bbox 343 4482 1571 4570; baseline -0.005 -18"><span class='ocrx_word' id='word_1_226' title='bbox 343 4488 429 4552; x_wconf 90' lang='lat' dir='ltr'><strong>muni</strong></span> <span class='ocrx_word' id='word_1_227' title='bbox 452 4488 543 4552; x_wconf 84' lang='lat' dir='ltr'><strong>fonte</strong></span> <span class='ocrx_word' id='word_1_228' title='bbox 565 4487 710 4552; x_wconf 87' lang='lat' dir='ltr'><strong>cultioris</strong></span> <span class='ocrx_word' id='word_1_229' title='bbox 730 4486 922 4553; x_wconf 78' lang='lat' dir='ltr'><strong>Graecitatis</strong></span> <span class='ocrx_word' id='word_1_230' title='bbox 945 4487 1095 4570; x_wconf 87' lang='lat' dir='ltr'><strong>reperias,</strong></span> <span class='ocrx_word' id='word_1_231' title='bbox 1119 4484 1275 4550; x_wconf 87' lang='lat' dir='ltr'><strong>Homero:</strong></span> <span class='ocrx_word' id='word_1_232' title='bbox 1303 4485 1350 4549; x_wconf 92' lang='lat' dir='ltr'><strong>sic</strong></span> <span class='ocrx_word' id='word_1_233' title='bbox 1378 4484 1462 4548; x_wconf 92' lang='lat' dir='ltr'><strong>enim</strong></span> <span class='ocrx_word' id='word_1_234' title='bbox 1487 4482 1571 4569; x_wconf 82' lang='lat' dir='ltr'><strong>Aga-</strong></span> 
     </span>
     <span class='ocr_line' id='line_1_33' title="bbox 342 4591 1154 4678; baseline -0.002 -19"><span class='ocrx_word' id='word_1_235' title='bbox 342 4616 466 4659; x_wconf 87' lang='lat' dir='ltr'><strong>memno</strong></span> <span class='ocrx_word' id='word_1_236' title='bbox 490 4594 681 4659; x_wconf 89' lang='lat' dir='ltr'><strong>Diomedem</strong></span> <span class='ocrx_word' id='word_1_237' title='bbox 703 4594 847 4678; x_wconf 87' lang='lat' dir='ltr'><strong>appellat</strong></span> <span class='ocrx_word' id='word_1_238' title='bbox 869 4594 903 4657; x_wconf 91' lang='lat' dir='ltr'><strong>in</strong></span> <span class='ocrx_word' id='word_1_239' title='bbox 926 4591 1027 4658; x_wconf 86' lang='lat' dir='ltr'><strong>Iliade</strong></span> <span class='ocrx_word' id='word_1_240' title='bbox 1051 4611 1075 4655; x_wconf 83' lang='lat' dir='ltr'>x</span> <span class='ocrx_word' id='word_1_241' title='bbox 1090 4591 1154 4657; x_wconf 83' lang='lat'><strong>235</strong></span> 
     </span>
     <span class='ocr_line' id='line_1_34' title="bbox 473 4696 1381 4785; baseline -0.004 -19"><span class='ocrx_word' id='word_1_242' title='bbox 473 4703 533 4766; x_wconf 88' lang='grc' dir='ltr'><strong><em>τὸν</em></strong></span> <span class='ocrx_word' id='word_1_243' title='bbox 554 4702 681 4785; x_wconf 76' lang='grc' dir='ltr'><strong><em>μὲνδὴ</em></strong></span> <span class='ocrx_word' id='word_1_244' title='bbox 705 4700 823 4785; x_wconf 81' lang='grc' dir='ltr'><strong><em>ἕταρόν</em></strong></span> <span class='ocrx_word' id='word_1_245' title='bbox 845 4697 871 4783; x_wconf 88' lang='grc' dir='ltr'><strong>γ’</strong></span> <span class='ocrx_word' id='word_1_246' title='bbox 899 4702 1061 4784; x_wconf 76' lang='grc' dir='ltr'><strong><em>αἱρήσεαι,</em></strong></span> <span class='ocrx_word' id='word_1_247' title='bbox 1085 4696 1172 4764; x_wconf 84' lang='grc' dir='ltr'><strong><em>ὅνιί</em></strong></span> <span class='ocrx_word' id='word_1_248' title='bbox 1200 4697 1381 4783; x_wconf 80' lang='grc' dir='ltr'><strong><em>ἐθέλῃσθα,</em></strong></span> 
     </span>
     <span class='ocr_line' id='line_1_35' title="bbox 473 4806 937 4892; baseline -0.002 -20"><span class='ocrx_word' id='word_1_249' title='bbox 473 4806 687 4892; x_wconf 82' lang='grc' dir='ltr'><strong><em>φαινομένων</em></strong></span> <span class='ocrx_word' id='word_1_250' title='bbox 709 4808 769 4871; x_wconf 89' lang='grc' dir='ltr'><strong><em>τὸν</em></strong></span> <span class='ocrx_word' id='word_1_251' title='bbox 791 4810 937 4892; x_wconf 85' lang='grc' dir='ltr'><strong><em>άριστον.</em></strong></span> 
     </span>
     <span class='ocr_line' id='line_1_36' title="bbox 342 4912 1570 5000; baseline -0.004 -21"><span class='ocrx_word' id='word_1_252' title='bbox 342 4913 545 4979; x_wconf 88' lang='lat' dir='ltr'><strong>Laetabimur</strong></span> <span class='ocrx_word' id='word_1_253' title='bbox 568 4916 596 4979; x_wconf 87' lang='lat' dir='ltr'><strong>si</strong></span> <span class='ocrx_word' id='word_1_254' title='bbox 619 4915 704 4979; x_wconf 87' lang='lat' dir='ltr'><strong>forte</strong></span> <span class='ocrx_word' id='word_1_255' title='bbox 731 4913 870 5000; x_wconf 79' lang='lat' dir='ltr'><strong>Gorgiae</strong></span> <span class='ocrx_word' id='word_1_256' title='bbox 897 4913 1008 4998; x_wconf 85' lang='lat' dir='ltr'><strong>verba,</strong></span> <span class='ocrx_word' id='word_1_257' title='bbox 1037 4935 1117 4996; x_wconf 89' lang='lat' dir='ltr'><strong>quae</strong></span> <span class='ocrx_word' id='word_1_258' title='bbox 1145 4912 1253 4977; x_wconf 80' lang='lat' dir='ltr'><strong>nescio</strong></span> <span class='ocrx_word' id='word_1_259' title='bbox 1282 4933 1346 4995; x_wconf 91' lang='lat' dir='ltr'><strong>quo</strong></span> <span class='ocrx_word' id='word_1_260' title='bbox 1373 4915 1469 4996; x_wconf 90' lang='lat' dir='ltr'><strong>pacto</strong></span> <span class='ocrx_word' id='word_1_261' title='bbox 1498 4933 1570 4975; x_wconf 88' lang='lat' dir='ltr'><strong>rore</strong></span> 
     </span>
     <span class='ocr_line' id='line_1_37' title="bbox 342 5016 1570 5105; baseline -0.005 -18"><span class='ocrx_word' id='word_1_262' title='bbox 342 5044 420 5103; x_wconf 89' lang='lat' dir='ltr'><strong>puro</strong></span> <span class='ocrx_word' id='word_1_263' title='bbox 443 5021 570 5086; x_wconf 79' lang='lat' dir='ltr'><strong>divinae</strong></span> <span class='ocrx_word' id='word_1_264' title='bbox 594 5022 772 5086; x_wconf 84' lang='lat' dir='ltr'><strong>venustatis</strong></span> <span class='ocrx_word' id='word_1_265' title='bbox 796 5043 968 5105; x_wconf 85' lang='lat' dir='ltr'><strong>conspersa</strong></span> <span class='ocrx_word' id='word_1_266' title='bbox 992 5042 1060 5084; x_wconf 89' lang='lat' dir='ltr'><strong>esse</strong></span> <span class='ocrx_word' id='word_1_267' title='bbox 1083 5020 1253 5102; x_wconf 86' lang='lat' dir='ltr'><strong>sentimus,</strong></span> <span class='ocrx_word' id='word_1_268' title='bbox 1281 5019 1359 5082; x_wconf 90' lang='lat' dir='ltr'><strong>satis</strong></span> <span class='ocrx_word' id='word_1_269' title='bbox 1387 5017 1485 5082; x_wconf 89' lang='lat' dir='ltr'><strong>tutati</strong></span> <span class='ocrx_word' id='word_1_270' title='bbox 1509 5016 1570 5081; x_wconf 90' lang='lat' dir='ltr'><strong>dis·</strong></span> 
     </span>
     <span class='ocr_line' id='line_1_38' title="bbox 341 5123 1569 5210; baseline -0.004 -18"><span class='ocrx_word' id='word_1_271' title='bbox 341 5128 482 5210; x_wconf 86' lang='lat' dir='ltr'><strong>putando</strong></span> <span class='ocrx_word' id='word_1_272' title='bbox 505 5128 685 5193; x_wconf 78' lang='lat' dir='ltr'><strong>videbimur</strong></span> <span class='ocrx_word' id='word_1_273' title='bbox 707 5149 781 5192; x_wconf 91' lang='lat' dir='ltr'><strong>cum</strong></span> <span class='ocrx_word' id='word_1_274' title='bbox 804 5127 876 5192; x_wconf 90' lang='lat' dir='ltr'><strong>aliis</strong></span> <span class='ocrx_word' id='word_1_275' title='bbox 895 5130 964 5191; x_wconf 92' lang='lat' dir='ltr'><strong>tum</strong></span> <span class='ocrx_word' id='word_1_276' title='bbox 984 5127 1053 5191; x_wconf 86' lang='lat' dir='ltr'><strong>viro</strong></span> <span class='ocrx_word' id='word_1_277' title='bbox 1073 5124 1248 5190; x_wconf 82' lang='lat' dir='ltr'><strong>venerabili</strong></span> <span class='ocrx_word' id='word_1_278' title='bbox 1267 5125 1357 5189; x_wconf 90' lang='lat' dir='ltr'><strong>cuius</strong></span> <span class='ocrx_word' id='word_1_279' title='bbox 1377 5123 1569 5189; x_wconf 85' lang='lat' dir='ltr'><strong>sententiam</strong></span> 
     </span>
     <span class='ocr_line' id='line_1_39' title="bbox 342 5228 1569 5321; baseline -0.006 -21"><span class='ocrx_word' id='word_1_280' title='bbox 342 5233 468 5312; x_wconf 79' lang='grc' dir='ltr'><strong><em>ἑκόντες</em></strong></span> <span class='ocrx_word' id='word_1_281' title='bbox 497 5234 633 5301; x_wconf 80' lang='grc' dir='ltr'><strong><em>ἀέκοντί</em></strong></span> <span class='ocrx_word' id='word_1_282' title='bbox 658 5259 695 5318; x_wconf 87' lang='grc' dir='ltr'><strong><em>γε</em></strong></span> <span class='ocrx_word' id='word_1_283' title='bbox 723 5241 822 5321; x_wconf 78' lang='grc' dir='ltr'><strong><em>θυμῷ</em></strong></span> <span class='ocrx_word' id='word_1_284' title='bbox 846 5233 1098 5319; x_wconf 78' lang='lat' dir='ltr'><strong>impugnandam</strong></span> <span class='ocrx_word' id='word_1_285' title='bbox 1127 5232 1285 5297; x_wconf 88' lang='lat' dir='ltr'><strong>duximus.</strong></span> <span class='ocrx_word' id='word_1_286' title='bbox 1333 5228 1433 5295; x_wconf 84' lang='grc' dir='ltr'><strong><em>Ἀλλὰ</em></strong></span> <span class='ocrx_word' id='word_1_287' title='bbox 1466 5237 1569 5294; x_wconf 88' lang='grc' dir='ltr'><strong><em>ταῦτα</em></strong></span> 
     </span>
     <span class='ocr_line' id='line_1_40' title="bbox 340 5335 1568 5431; baseline -0.007 -23"><span class='ocrx_word' id='word_1_288' title='bbox 340 5338 399 5422; x_wconf 69' lang='grc' dir='ltr'><strong>μὲν</strong></span> <span class='ocrx_word' id='word_1_289' title='bbox 421 5344 486 5428; x_wconf 80' lang='grc' dir='ltr'><strong>ὅκῃ</strong></span> <span class='ocrx_word' id='word_1_290' title='bbox 510 5350 555 5431; x_wconf 81' lang='grc' dir='ltr'><strong><em>τῷ</em></strong></span> <span class='ocrx_word' id='word_1_291' title='bbox 574 5349 645 5429; x_wconf 79' lang='grc' dir='ltr'><strong><em>θεῷ</em></strong></span> <span class='ocrx_word' id='word_1_292' title='bbox 669 5347 771 5427; x_wconf 87' lang='grc' dir='ltr'><strong><em>φίλον</em></strong></span> <span class='ocrx_word' id='word_1_293' title='bbox 793 5342 896 5427; x_wconf 79' lang='grc' dir='ltr'><strong><em>ταύτῃ</em></strong></span> <span class='ocrx_word' id='word_1_294' title='bbox 920 5339 1018 5425; x_wconf 80' lang='grc' dir='ltr'><strong><em>ἐχέτω</em></strong></span> <span class='ocrx_word' id='word_1_295' title='bbox 1047 5364 1080 5406; x_wconf 80' lang='grc' dir='ltr'><strong>τε</strong></span> <span class='ocrx_word' id='word_1_296' title='bbox 1108 5338 1162 5405; x_wconf 80' lang='grc' dir='ltr'><strong><em>καὶ</em></strong></span> <span class='ocrx_word' id='word_1_297' title='bbox 1191 5338 1349 5421; x_wconf 88' lang='grc' dir='ltr'><strong><em>λεγέσθω.</em></strong></span> <span class='ocrx_word' id='word_1_298' title='bbox 1395 5335 1428 5401; x_wconf 89' lang='grc' dir='ltr'><strong>Ν</strong></span> <span class='ocrx_word' id='word_1_299' title='bbox 1430 5359 1464 5401; x_wconf 93' lang='lat' dir='ltr'><strong>os</strong></span> <span class='ocrx_word' id='word_1_300' title='bbox 1493 5358 1568 5400; x_wconf 87' lang='lat' dir='ltr'><strong>vero</strong></span> 
     </span>
    </p>
   </div>
   <div class='ocr_carea' id='block_1_4' title="bbox 0 0 1969 6675">
    <p class='ocr_par' dir='ltr' id='par_1_4' title="bbox 0 0 1969 6675">
     <span class='ocr_line' id='line_1_41' title="bbox 0 0 1969 6675; baseline 0 0"><span class='ocrx_word' id='word_1_301' title='bbox 0 0 1969 6675; x_wconf 95' lang='lat' dir='ltr'><strong> </strong></span> 
     </span>
    </p>
   </div>
  </div>
 </body>
</html>
