3925 6675
391 1116 456 1180 428
602 1119 672 1170 LIV.
692 1120 807 1170 INDEX
825 1120 1039 1172 LECTIONUM
1053 1121 1295 1172 HIBERNARUM
1315 1121 1381 1172 1901
1386 1119 1446 1190 χοῖ.

479 1297 606 1363 Novem
638 1299 724 1362 viam
757 1299 988 1383 interpretandi
1018 1300 1155 1385 ingressi
1188 1305 1264 1364 sunt
1294 1301 1488 1364 recentiores
1515 1297 1624 1364 Plauti

392 1407 582 1490 interpretes
602 1403 764 1470 Schoellio
782 1406 937 1490 principe,
955 1407 1011 1489 qui
1030 1429 1096 1472 non
1115 1406 1153 1470 de
1171 1407 1312 1472 hominis
1332 1407 1401 1471 solo
1421 1405 1477 1470 sed
1496 1405 1534 1470 de
1553 1405 1625 1472 solo

392 1513 477 1577 oculi
501 1513 553 1598 agi
577 1512 700 1576 instant
723 1513 819 1596 idque
843 1511 939 1577 Statii
963 1513 1069 1578 verbis
1099 1513 1136 1578 de
1159 1512 1323 1579 Thebaide
1349 1513 1530 1578 confirmari
1555 1535 1625 1578 cen·

392 1623 471 1684 sont.
508 1618 544 1684 In
565 1619 746 1684 Thebaidos
770 1621 854 1684 enim
879 1620 984 1704 primo
1009 1643 1027 1684 a
1051 1643 1078 1686 v.
1093 1621 1137 1684 46
1156 1620 1234 1686 haec
1252 1625 1423 1686 narrantur
1441 1620 1480 1685 de
1500 1619 1625 1706 Oedipo

457 1726 502 1791 46
525 1727 634 1809 impia
655 1729 723 1791 mm
746 1729 859 1792 merita
880 1733 1035 1793 sedata
1057 1727 1181 1794 lamina
1205 1728 1315 1793 deutra

526 1833 685 1898 Merserat
705 1840 832 1899 aearna
854 1836 1040 1900 damnatum
1063 1840 1147 1900 noete
1162 1835 1316 1916 pudorem

530 1939 700 2022 Oedipodes
722 1940 872 2024 magite
893 1942 1038 2006 animam
1060 1939 1116 2006 aab
1139 1948 1235 2006 morte
1257 1941 1382 2007 lambat.

527 2048 625 2112 Itium
648 2047 858 2130 iudulpmtem
881 2048 1013 2114 mebris
1035 2049 1176 2130 imaeque
1197 2069 1314 2114 recessa

459 2155 504 2220 50
528 2154 620 2221 Sedis
640 2156 814 2237 inaspectos
835 2155 918 2220 caeto
940 2157 1102 2239 radiisque
1120 2161 1252 2236 putates

354 2284 381 2323 ιο
528 2261 709 2327 Seruaatem
731 2267 837 2326 amos
859 2263 1006 2327 adsiduis
1027 2261 1227 2327 armanalat
1249 2261 1311 2326 alis

528 2369 630 2433 Saeua
654 2369 721 2433 dies
743 2370 846 2433 animi
867 2369 1073 2451 saevamque
1094 2370 1130 2433 iu
1147 2374 1269 2450 pedore
1291 2369 1388 2433 dirae.

531 2477 619 2539 Tune
640 2495 752 2540 vacuas
773 2475 867 2554 orbes,
889 2476 1021 2540 mam
1044 2496 1082 2540 ac
1104 2475 1280 2542 miserabile
1301 2477 1383 2540 vitae

529 2580 735 2664 Supplicium,
757 2587 888 2646 ostenta
909 2579 991 2646 cacia
1014 2581 1218 2663 manebatque
1240 2582 1374 2646 creantis

462 2688 505 2754 55
530 2688 644 2754 Pateat
665 2691 781 2754 iaaac
801 2688 919 2754 solam
942 2708 1094 2770 maeatae
1115 2691 1162 2752 ita
1184 2708 1253 2753 voce
1269 2693 1425 2770 precatur.

530 2794 598 2879 ‘Di,
620 2802 720 2862 mutes
741 2797 871 2861 animae
892 2801 1085 2877 mipadaqae
1108 2795 1248 2860 Tartaro
1265 2795 1377 2876 poenis

533 2904 594 2985 Qui
616 2905 731 2986 rapite,
754 2909 847 2985 taque
868 2902 1039 2984 umbrifero
1064 2902 1141 2986 Styx
1164 2901 1265 2967 liuida
1285 2903 1386 2984 faudo

533 3012 635 3092 ριιαηι
658 3011 753 3088 uideo,
776 3011 966 3092 multamque
988 3009 1068 3074 mibi
1091 3015 1233 3075 musceta
1255 3011 1360 3074 uocari

529 3118 653 3197 Adoae,
679 3115 853 3199 Tisiphone,
870 3135 1077 3199 meaeque
1099 3123 1169 3181 vota
1191 3117 1334 3182 secanda.

396 3223 434 3290 In
452 3223 504 3289 bis
518 3246 645 3289 versum
660 3224 703 3288 55
717 3223 763 3290 lo.
777 3223 867 3288 Fred.
884 3221 1065 3288 Gronovius
1084 3244 1228 3287 seorsum
1248 3222 1288 3286 ab
1311 3223 1382 3286 aliis
1398 3223 1630 3307 interpretatus

356 3354 383 3393 so
396 3336 493 3398 inam
514 3332 614 3399 solam
637 3332 743 3417 inquit
764 3338 838 3397 aaut
859 3332 951 3396 caari
973 3329 1130 3397 cadmum
1148 3330 1223 3409 loci;
1246 3334 1280 3396 et
1298 3329 1385 3415 quod
1404 3329 1492 3395 addit
1511 3327 1630 3395 ‘solum

398 3440 534 3524 quodvis
552 3438 694 3504 cuiusvis
712 3438 759 3503 rei
777 3437 1034 3503 fundamentum'
1053 3437 1164 3503 multis
1179 3438 1334 3522 exemplis
1348 3438 1441 3501 docte
1456 3436 1632 3502 declaravit

397 3552 430 3610 et
456 3546 666 3610 confirmavit
721 3544 797 3609 Non
824 3566 978 3631 negamus
1009 3545 1071 3610 hoo
1099 3550 1210 3609 tenore
1237 3547 1333 3609 iaaac
1359 3544 1458 3611 solum
1491 3542 1630 3629 intelligi

397 3672 492 3737 posse
515 3652 609 3717 inane
633 3652 800 3717 oculorum
823 3653 928 3716 solum
951 3651 982 3715 h.
999 3674 1024 3717 e.
1044 3652 1148 3717 solum
1173 3652 1205 3715 iu
1226 3672 1290 3735 quo
1310 3652 1402 3735 quasi
1420 3650 1630 3715 fundamento

398 3758 483 3825 oculi
500 3758 634 3843 repositi
658 3759 779 3823 fuerint
796 3764 880 3842 ante,
902 3759 965 3824 hoc
984 3762 1021 3823 ut
1042 3758 1125 3824 idem
1145 3760 1188 3823 sit
1207 3758 1293 3842 quod
1312 3758 1407 3823 modo
1427 3756 1501 3845 (53)
1519 3776 1633 3823 aaaron

398 3867 483 3932 orbes
514 3864 689 3951 appellavit
714 3870 819 3951 poeta
870 3864 933 3943 Qui
960 3866 989 3930 si
1016 3864 1078 3931 hoo
1107 3886 1217 3931 revera
1243 3865 1360 3949 voluit,
1389 3865 1540 3949 quoniam
1563 3886 1631 3929 ver-

398 3974 512 4039 borum
535 3979 665 4039 auocat
686 3976 720 4038 et
735 3972 846 4055 puteat
868 3973 931 4037 iam
952 3972 1035 4038 idem
1055 3978 1104 4037 est
1122 3972 1293 4057 obiectum,
1316 3995 1381 4037 non
1400 3972 1632 4037 admirabimur

399 4082 482 4147 hano
505 4080 697 4168 elegantiam
721 4080 849 4165 repetiti
874 4102 945 4145 cum
965 4082 1119 4145 varietate
1142 4078 1283 4145 nominis
1302 4100 1414 4145 vacuos
1431 4078 1516 4145 orbes
1534 4084 1632 4145 aalm-

398 4196 445 4254 tat
466 4189 549 4255 caelo
571 4188 775 4270 manibusque
791 4190 926 4253 cruentis
942 4186 1053 4269 pulsat
1071 4190 1167 4251 inane
1184 4186 1340 4252 mbram
1358 4187 1475 4265 solum‚·
1498 4185 1630 4271 quodsi

399 4296 516 4382 egebat
538 4296 634 4381 longe
657 4294 821 4359 decentius
845 4314 909 4359 uno
933 4292 1065 4379 defungi
1086 4293 1216 4357 nomine
1234 4297 1371 4378 poterat,
1394 4296 1431 4358 nt
1449 4294 1495 4358 ita
1513 4293 1634 4361 diceret

359 4422 386 4463 so
399 4410 472 4468 tasse
494 4423 605 4468 aanor
627 4402 713 4466 orbes
735 4451 764 4465 ..
787 4406 918 4466 adortat
939 4400 1021 4466 eaelo
1044 4402 1247 4483 maestasque
1264 4402 1399 4465 caedis
1415 4398 1533 4481 prebat
1569 4398 1632 4465 Ite·

400 4531 462 4592 que
490 4506 643 4573 credibile
670 4528 736 4571 non
764 4511 813 4571 est
840 4507 924 4572 banc
955 4507 1054 4573 inisse
1084 4506 1179 4573 Statii
1210 4508 1410 4573 sententiam.
1465 4505 1635 4572 Accedunt

400 4615 475 4680 aba:
494 4614 546 4678 his
560 4614 645 4679 enim
664 4614 710 4678 ita
728 4615 880 4679 connexis
899 4614 956 4679 ubi
976 4614 1136 4678 addideris
1155 4636 1236 4699 quae
1255 4614 1402 4699 proxime
1418 4613 1634 4698 insequuntur

400 4743 551 4805 saevaque
573 4723 620 4787 ita
641 4742 710 4786 uoce
728 4726 883 4803 madar,
906 4741 944 4785 eo
968 4720 1109 4806 apertius
1129 4722 1167 4785 fit
1186 4725 1218 4786 et
1236 4721 1326 4785 hiare
1345 4720 1521 4785 orationem
1541 4726 1574 4785 et
1592 4732 1632 4785 ex¹

400 4832 501 4894 altera
523 4832 614 4915 parte
637 4828 791 4914 coniungi
809 4849 891 4912 quae
908 4850 976 4892 non
995 4832 1086 4893 erant
1104 4828 1334 4913 coniungenda.
1371 4826 1455 4893 Nam
1475 4828 1530 4892 illu
1550 4846 1633 4913 quse

401 4937 480 5004 dicit
506 4940 602 5022 poeta
627 4956 739 5001 saeuos
767 4935 853 5001 orbes
878 4941 1008 5000 odeum
1034 4935 1116 5001 cada
1143 4940 1217 5019 apte
1241 4934 1331 5017 dicit,
1361 4936 1512 5019 quoniam
1538 4955 1633 5019 quem

401 5048 475 5109 ante
498 5044 644 5129 depinxit
666 5042 874 5126 incapacem
902 5044 1034 5108 terebris
1055 5044 1196 5124 immae
1217 5060 1335 5107 roccone
1357 5042 1441 5107 sedo
1463 5043 1634 5125 inaspectos

399 5152 483 5217 cado
511 5152 672 5233 radiisque
692 5156 822 5231 penates
848 5155 1020 5215 servantem
1048 5150 1111 5213 iem
1140 5149 1267 5232 prodire
1295 5148 1390 5213 domo
1419 5147 1508 5213 iubet
1537 5144 1634 5235 (nibil

401 5259 487 5323 enim
510 5236 602 5323 aliud
620 5262 670 5323 est
691 5262 842 5323 ostentare
863 5254 971 5343 caela),
994 5256 1048 5320 sed
1067 5255 1118 5321 bis
1138 5278 1220 5340 quae
1239 5256 1455 5321 subiiciuntur
1474 5252 1634 5321 masta·

401 5387 459 5448 que
479 5368 614 5431 oueutiv
630 5365 740 5448 pateat
761 5367 858 5429 inane
874 5364 982 5441 solua
1001 5364 1029 5428 si
1050 5362 1189 5427 inillam
1210 5364 1275 5428 vim
1296 5363 1554 5448 interpretamur,
1574 5382 1635 5426 neo
