3925 6675
427 1129 710 1183 Annoufflorsus
729 1129 989 1182 (immerens
1007 1132 1047 1181 IN
1067 1131 1267 1183 SOPHOCLIS
1285 1132 1488 1184 ELECTRAM.
1526 1131 1590 1194 511

449 1289 556 1356 Unam
575 1291 672 1356 etiam
692 1291 913 1375 quaestionem
932 1291 1182 1377 grammaticam,
1203 1293 1255 1358 cui
1274 1291 1445 1377 Sophoclis
1464 1293 1595 1361 Electra

361 1400 394 1461 ct
417 1397 548 1462 Electra
570 1397 710 1462 Kaibelii
739 1398 940 1464 occasionem
968 1399 1138 1483 dedenmt,
1165 1401 1312 1483 quamvis
1339 1401 1403 1465 late
1429 1404 1593 1485 patentem

360 1506 614 1591 perstringemus
637 1506 737 1570 brevi.
773 1504 983 1592 Paedsgogus
1007 1507 1092 1571 enim
1117 1506 1150 1570 in
1174 1508 1351 1571 enarranda
1373 1507 1450 1572 ficta
1470 1505 1594 1572 Orestis

361 1613 544 1688 calamitate
565 1616 744 1697 postquam
771 1612 960 1677 felicitatem
985 1614 1196 1677 certaminum
1220 1613 1445 1700 gymnicorum
1469 1614 1594 1699 extulit,

360 1719 533 1783 transitum
561 1719 602 1784 ad
631 1719 844 1784 infortunium
873 1720 1026 1785 curriculi
1054 1741 1208 1804 equorum
1237 1720 1479 1787 describendum
1502 1726 1595 1806 parat

360 1825 407 1890 ita
429 1829 467 1890 ut
491 1825 577 1890 dicat

578 1931 634 1998 καὶ
657 1943 760 1998 ταῦτα
783 1930 846 2018 μὲν
867 1931 1017 1998 τοιαῦθ’·
1042 1933 1123 1998 ὅταν
1146 1933 1186 1998 de'
1206 1957 1257 2010 τις
1277 1941 1371 2000 θεῶν

466 2037 532 2104 696
577 2041 721 2126 βλάπτῃ,
744 2039 874 2105 δύναιτ’
900 2039 943 2104 dv
966 2038 1041 2105 οὐδ’
1066 2039 1110 2105 ἁν
1133 2041 1280 2125 ἰσχύων
1303 2051 1433 2125 φυγεῖν.

362 2144 402 2211 Ιιι
420 2168 486 2231 quo
504 2168 599 2212 versu
616 2148 744 2231 ἰσχύων
762 2146 849 2231 quod
867 2145 1004 2212 subiecti
1021 2148 1094 2212 loco
1114 2152 1163 2212 est
1181 2147 1391 2212 multifariam
1410 2149 1594 2214 criticorum

361 2253 530 2318 festidium
558 2254 670 2338 movit,
698 2255 754 2338 qui
782 2259 839 2318 aut
865 2258 915 2330 τίς
938 2254 1025 2337 quod
1049 2254 1273 2319 desiderabant
1295 2255 1440 2319 artificiis
1465 2255 1594 2339 quibus·
1610 2284 1636 2324 ιο

362 2361 437 2425 dam
464 2361 625 2426 inculcare
651 2361 758 2425 versui
788 2365 1041 2446 temptaverunt,
1072 2364 1130 2425 aut
1158 2359 1265 2426 δύναι’
1298 2383 1338 2426 ex
1366 2361 1495 2427 δύναιτ’
1527 2363 1595 2427 effi·

363 2469 484 2534 cientes
508 2469 549 2533 ad
571 2467 741 2533 secundam
765 2469 845 2532 haec
867 2490 927 2552 pro
950 2469 1048 2532 tertia
1070 2490 1209 2553 persona
1229 2468 1462 2554 applicuerunt,
1485 2473 1541 2534 aut
1558 2473 1596 2534 ut

362 2575 503 2640 orationi
522 2596 619 2659 quam
638 2573 823 2658 plenissime
842 2576 1015 2640 satisfieret
1031 2597 1091 2660 pro
1112 2576 1237 2660 λσχύων
1255 2575 1407 2641 audacter
1425 2574 1443 2640 ὁ
1463 2575 1596 2642 σθένων

317 2701 349 2758 2
363 2687 585 2767 reposuerunt.
621 2680 747 2747 Horum
771 2681 939 2747 Kaibelius
966 2682 1049 2747 nihil
1077 2682 1241 2766 probavit,
1269 2683 1325 2766 qui
1355 2684 1389 2747 in
1411 2682 1469 2748 illa
1490 2683 1596 2747 forma

362 2791 414 2865 τίς
441 2810 620 2873 pronomen
648 2790 802 2854 omissum
830 2788 1015 2855 vindicabat
1042 2811 1115 2854 cum
1143 2791 1207 2854 hoc
1233 2791 1341 2875 legum
1369 2789 1517 2854 formulis
1540 2795 1597 2854 aut

363 2894 568 2982 generalibus
600 2896 767 2961 sententiis
794 2895 923 2960 licuisse
945 2896 1132 2979 affirmaret,
1160 2895 1315 2960 adhibitis
1339 2896 1503 2981 exemplis,
1531 2918 1596 2961 uno

331 3062 334 3073 ,
363 3005 453 3068 certo
480 3000 643 3068 Hesiodeo
670 3004 732 3086 τὴν
759 3002 821 3087 μέν
847 3026 906 3068 κεν
933 3001 1138 3068 ἐπαινέσσειε
1165 3004 1312 3086 νοήσας
1341 3003 1387 3067 ‘id
1413 3008 1462 3067 est
1490 3009 1524 3068 sl
1545 3027 1597 3080 τις

363 3109 506 3194 ναήσατ’
538 3113 576 3174 ut
605 3108 683 3174 dicit
710 3109 892 3174 Lobechius
922 3110 978 3194 qui
1007 3132 1045 3176 eo
1073 3132 1150 3174 usus
1178 3113 1228 3174 est
1256 3110 1296 3174 ad
1324 3108 1494 3195 Sophoclis
1521 3109 1597 3174 hia-

363 3239 434 3282 cem
459 3216 523 3283 155

830 3325 906 3410 ιτερλ
930 3326 993 3410 μὰρ
1017 3333 1080 3391 σοῦ
1104 3334 1169 3390 νῦν
1611 3351 1639 3393 ιο

579 3432 718 3497 educatu
741 3431 840 3515 λέγει,
863 3431 918 3497 καλ
941 3445 1006 3509 τᾶς
1029 3432 1047 3497 ὁ
1071 3433 1184 3498 κλύων

577 3548 638 3604 τοῦ
661 3537 816 3618 λέξαντος
839 3540 944 3622 χαίρει
967 3544 1097 3621 μᾶλλον

578 3657 648 3722 τοῖς
671 3656 743 3722 cols
766 3647 881 3730 ἄχεσιν
903 3648 1124 3731 καθυβρλζων.

578 3763 647 3818 τῶν
669 3754 733 3838 μὰρ
755 3753 909 3835 μεγάλων
932 3762 1050 3836 ψυχῶν
1075 3750 1149 3829 ἱεὶς

475 3857 540 3923 155
585 3858 648 3925 οὐκ
670 3857 714 3925 ἁν
736 3857 918 3943 ἁμάρτοι·
940 3856 1079 3924 κατὰ,ἁ’
1106 3860 1148 3924 άν
1171 3883 1221 3935 τις
1244 3858 1325 3943 ἐμοῦ

579 3974 716 4031 τοιαῦτα
739 3964 846 4048 λέγων
869 3965 931 4031 οὐκ
953 3964 997 4031 ἁν
1019 3967 1145 4047 πείθοι,

365 4072 421 4138 ubi
444 4072 585 4157 ἁμάρτοι
609 4072 729 4138 diserto
750 4072 944 4157 scholiastae
966 4072 1152 4137 testimonio
1177 4076 1312 4155 constat,
1335 4072 1492 4156 ἁμάρτοις
1511 4073 1598 4157 quod

367 4184 414 4245 est
446 4180 481 4244 in
514 4178 622 4244 codice
649 4178 864 4244 Laurentiano
898 4183 1078 4243 correctum
1111 4198 1180 4242 esse
1212 4179 1321 4243 credas
1350 4201 1391 4243 ne
1419 4179 1597 4245 subiectum

368 4287 490 4353 deesset
513 4286 666 4352 Meinekii
689 4285 836 4371 exemplo
860 4287 893 4350 in
917 4286 1066 4351 Electrae
1089 4308 1117 4350 v.
1137 4286 1212 4371 696,
1242 4285 1297 4350 sed
1321 4285 1501 4350 subiectum
1524 4307 1598 4350 cum

368 4393 534 4460 Kaibelius
557 4416 598 4458 ex
619 4402 684 4471 πᾶς
706 4393 793 4477 quod
814 4393 986 4478 praecedit,
1016 4392 1191 4457 scholiasta
1213 4414 1253 4457 ex
1275 4396 1326 4469 τίς
1348 4391 1435 4476 qnod
1458 4392 1597 4477 insequi·
1611 4419 1640 4460 ιο

368 4504 419 4565 tur
435 4499 646 4586 repetendum
665 4499 770 4582 ducat,
790 4521 848 4564 nos
868 4522 941 4565 cum
960 4499 1123 4564 Lobeclrio
1143 4500 1315 4564 statuimus
1334 4500 1405 4584 ipso
1424 4499 1596 4585 participio

369 4605 456 4695 (ἱείς)
485 4608 652 4672 contineri.
688 4605 738 4672 Ac
764 4605 841 4671 licet
867 4628 934 4671 non
963 4607 1159 4691 ignoremus,
1186 4608 1247 4689 τίς,
1269 4609 1305 4671 τί
1324 4628 1502 4691 pronomen
1524 4607 1597 4672 aliis

369 4735 496 4799 quoque
515 4713 757 4779 condicionibus
775 4713 1000 4798 praetermitti,
1018 4714 1071 4780 cui
1089 4714 1136 4778 rei
1150 4712 1317 4779 Kaibelius
1331 4714 1428 4779 nimis
1443 4718 1597 4801 angustos

368 4820 447 4887 fines
475 4822 620 4906 scripsit,
650 4842 711 4885 nos
740 4842 827 4885 nunc
853 4810 918 4885 nisi
945 4821 984 4885 de
1011 4819 1190 4905 participiis
1219 4818 1355 4887 subiecti
1382 4822 1454 4884 loco
1482 4820 1598 4903 positis

368 4949 432 4993 non
455 4948 596 5015 agemus.
634 4926 728 5004 Quod
751 4949 851 5013 genus
873 4926 1052 4992 Immanuel
1075 4927 1251 5011 Bekh‘erus,
1282 4926 1511 4991 subtilissimus
1535 4947 1599 4990 ser-

368 5035 473 5099 monis
493 5033 606 5100 Graeci
625 5034 824 5118 observator,
847 5056 941 5118 quem
963 5035 1119 5099 miramur
1138 5019 1302 5099 inhaere
1321 5056 1340 5097 a
1359 5031 1507 5097 Kaibelio
1526 5030 1598 5119 (sed

368 5164 387 5207 a
413 5164 478 5227 quo
506 5140 608 5230 non?)
635 5141 832 5228 neglectum,
864 5140 1085 5225 compluribus
1113 5140 1283 5224 exemplis,
1314 5125 1412 5203 etiam
1439 5139 1597 5223 pedestris

369 5249 534 5332 orationis,
556 5248 731 5314 declaravit
753 5246 872 5334 (sched
894 5237 1024 5311 Homer.
1043 5253 1070 5310 11
1093 5269 1122 5332 p.
1142 5233 1210 5332 il),
1233 5247 1268 5310 in
1291 5245 1408 5329 quibus
1432 5249 1508 5333 sunt
1529 5244 1598 5310 Ho-

370 5357 488 5422 merica
510 5354 583 5440 duo,
607 5353 719 5431 Odyss.
737 5373 775 5419 vl
793 5353 859 5419 294
