3925 6675
720 1111 768 1159 Dr:
787 1110 962 1160 VERSIBUS
980 1110 1161 1161 ENNIANIS.
1512 1108 1556 1171 43

317 1273 540 1354 posteriorum
563 1271 748 1335 criticorum
767 1271 988 1337 conaminibus
1007 1271 1145 1354 primum
1164 1275 1197 1335 et
1216 1271 1346 1336 tertium
1366 1276 1557 1355 removetur,

317 1377 499 1441 secundum
533 1398 598 1441 uon
633 1376 783 1441 videntur
815 1377 952 1441 sensisse
985 1378 1115 1442 omnino
1149 1381 1204 1441 aut
1235 1400 1300 1442 non
1334 1377 1556 1465 attendisse*).

320 1483 426 1567 Atqui
449 1483 576 1547 hiatum
599 1489 749 1567 putamus
772 1506 867 1567 posse
893 1484 1031 1549 fortasse
1054 1484 1161 1549 Ennio
1190 1485 1377 1567 condonari,
1406 1488 1557 1569 quoniam

318 1592 357 1654 in
381 1614 413 1654 m
437 1591 620 1655 desinentes
643 1613 737 1655 voces
761 1613 835 1655 cum
858 1591 948 1656 hiatu
977 1592 1011 1655 in
1039 1613 1134 1655 versu
1160 1592 1238 1675 poni
1266 1613 1306 1656 ne
1330 1591 1557 1656 Lachmannus

318 1698 455 1781 quidem
479 1696 609 1784 (comm.
633 1697 725 1762 Lucr.
745 1720 775 1782 p.
798 1696 875 1781 131)
895 1701 1034 1783 negavit,
1058 1719 1251 1782 quamquam
1271 1699 1354 1763 idem
1373 1699 1435 1764 hoc
1454 1719 1556 1783 genus

317 1807 355 1869 iu
382 1805 490 1868 Ennio
515 1806 753 1888 angustissimis
781 1805 900 1870 finibus
929 1806 1181 1889 circumscripsit
1209 1803 1300 1892 (ibid
1320 1828 1349 1889 p.
1370 1804 1441 1890 99);
1470 1806 1556 1889 quod

319 1918 433 1988 tamen
461 1934 558 1995 quam
585 1912 651 1975 late
678 1915 820 1996 patuerit
846 1934 931 1977 nunc
960 1912 1088 1996 quidem
1117 1914 1195 1976 satis
1223 1916 1310 1976 certo
1341 1913 1467 1976 definiri
1491 1934 1557 1976 non

318 2018 480 2104 potest*).
529 2019 592 2082 Sed
615 2023 642 2083 si
667 2022 738 2102 quis
762 2018 844 2082 hanc
867 2019 990 2084 librarii
1015 2021 1094 2084 vitio
1119 2021 1312 2103 scripturam
1332 2024 1436 2082 ortam
1455 2021 1557 2101 malit,

318 2126 387 2190 levi
412 2147 511 2210 opera
533 2126 606 2190 tolli
628 2126 736 2191 hiatus
760 2129 876 2209 potest,
900 2148 971 2190 cum
998 2130 1054 2190 aut
1076 2128 1185 2190 littera
1208 2126 1316 2190 addita
1337 2126 1452 2208 Camq;
1476 2126 1558 2191 illud

320 2233 479 2297 scribitur
501 2239 558 2297 aut
576 2236 700 2297 mutata
719 2233 827 2297 littera
847 2233 912 2298 Gur
930 2234 1027 2310 tiled,¹
1052 2236 1222 2317 quievero
1242 2238 1312 2298 tota
1331 2234 1444 2316 oratio,
1468 2236 1558 2297 cuius
1573 2269 1599 2308 η

318 2340 381 2404 illa
402 2362 479 2424 pars
503 2347 560 2422 est,
589 2339 749 2423 quomodo
774 2343 910 2403 formata
934 2341 1041 2421 fuerit,
1069 2343 1142 2404 sciri
1165 2361 1231 2403 non
1253 2345 1369 2425 potest,
1397 2340 1559 2405 abstinen-

318 2448 400 2510 dum
425 2453 476 2511 est
499 2445 540 2510 ab
564 2447 651 2510 omni
676 2446 858 2511 coniectura
882 2451 914 2512 et
936 2446 989 2509 hic
1013 2451 1049 2509 ut
1073 2468 1167 2530 saepe
1189 2448 1224 2510 in
1247 2468 1284 2512 eo
1310 2446 1559 2530 subsistendum,

319 2555 412 2637 quod
436 2555 515 2618 satis
539 2558 597 2636 est,
624 2558 661 2617 ut
684 2553 911 2638 intelligamus,
940 2554 1029 2618 hiare
1058 2555 1236 2618 orationem
1265 2576 1398 2637 eamque
1421 2554 1558 2618 fortasse

318 2665 483 2747 integram
507 2682 572 2724 non
592 2683 669 2724 esse.
712 2660 812 2724 Porro
831 2663 896 2724 tom
917 2661 958 2724 ad
975 2661 1068 2725 semel
1086 2661 1246 2724 adiectum
1266 2663 1299 2724 in
1319 2661 1380 2725 hac
1399 2661 1558 2724 sententia

318 2773 449 2832 tantum
480 2790 545 2831 non
574 2768 749 2850 requiritur
776 2772 812 2830 ut
841 2768 954 2831 melius
982 2768 1093 2831 abesse
1122 2767 1280 2849 videatur,
1308 2772 1345 2830 ut
1373 2768 1405 2829 in
1429 2766 1555 2832 Horatii

318 2896 418 2938 versu
452 2874 517 2960 (ep.
532 2893 543 2936 1
558 2876 589 2957 2,
603 2873 661 2960 69)
693 2896 751 2955 quo
783 2875 875 2938 semel
906 2881 949 2939 est
981 2875 1100 2938 imbuto
1134 2894 1238 2939 recens
1269 2875 1404 2939 revomi
1434 2875 1557 2939 odorem

321 2983 418 3047 Testa
441 2983 499 3045 diu
522 2981 658 3064 aliisque
682 2981 850 3045 similibus.
898 2980 980 3045 Sunt
1003 2986 1111 3046 tamen
1136 2981 1250 3065 quibus
1279 2986 1406 3065 praeter
1433 2986 1557 3044 senten-

320 3091 386 3152 tiae
409 3088 570 3152 rationem
594 3111 631 3152 ea
653 3089 813 3171 particula
842 3089 934 3151 alteri
962 3087 1071 3151 addita
1101 3090 1238 3173 legatur,
1269 3089 1358 3151 velut
1384 3086 1494 3152 Cicero
1520 3088 1557 3152 de

320 3197 444 3260 finibus
475 3196 580 3278 primo
607 3197 673 3277 1‚2
698 3194 736 3258 de
765 3194 991 3278 philosophiae
1019 3194 1126 3258 studio
1155 3193 1268 3258 scribit
1297 3196 1358 3276 Qui
1386 3201 1501 3272 aalma,
1529 3197 1559 3260 si

276 3305 465 3375 smoxime
492 3302 548 3367 boc
570 3302 708 3385 placeat,
739 3302 928 3367 aroderotiue
955 3308 1060 3367 tomen
1088 3303 1123 3366 id
1148 3303 1255 3366 volunt
1281 3303 1364 3384 fieri,
1395 3302 1557 3384 difficilem
1572 3337 1598 3376 ,ο

318 3412 484 3492 quondam
509 3412 744 3491 tenrpercmtiom
764 3410 985 3492 postulantia
1003 3431 1044 3487 eo,
1067 3411 1149 3490 quod
1170 3410 1280 3474 semel
1303 3410 1378 3473 iam
1402 3411 1557 3474 missum

318 3520 453 3582 coercet
474 3519 664 3598 reprimique
685 3538 748 3581 nora
770 3523 886 3598 potest;
913 3523 948 3579 ut
969 3518 1196 3599 propemodum
1224 3518 1405 3581 iustioribus
1430 3523 1559 3582 utentur

318 3626 397 3702 allis,
416 3627 472 3706 qui
490 3626 618 3689 cornino
636 3631 760 3688 avocent
778 3646 799 3687 o
812 3624 1021 3705 philosophia,
1045 3645 1140 3705 quarn
1158 3624 1216 3701 bis,
1240 3626 1295 3705 qui
1312 3623 1403 3688 rebus
1420 3624 1558 3705 infinitis

319 3733 450 3797 necdum
473 3733 670 3796 mutarent.
717 3729 750 3793 Si
775 3732 871 3794 modo
893 3732 940 3795 ita
958 3731 1089 3813 scripsit
1107 3734 1144 3793 ut
1162 3730 1237 3795 libri
1258 3734 1424 3794 testantur.
1470 3728 1556 3794 Nam

320 3838 508 3924 Madsigius
541 3837 671 3921 quidem
703 3838 842 3923 negabat
875 3843 930 3900 aut
963 3839 1030 3900 iam
1063 3837 1220 3901 adiectum
1254 3837 1332 3900 ferri
1369 3857 1464 3920 posse
1501 3843 1557 3900 aut

319 3948 453 4011 miserem
484 3950 597 4029 aptum
625 3944 758 4008 verbum
787 3967 855 4009 esse
883 3946 1069 4028 recepitque
1097 3949 1237 4008 veterem
1266 3945 1497 4008 correctionem
1521 3946 1557 4007 in

318 4076 354 4117 eo
383 4054 467 4134 prod
492 4053 584 4116 seni-el
611 4053 785 4117 calmisciaco
813 4051 890 4136 (hoc
919 4057 982 4134 est,
1010 4056 1047 4114 ut
1074 4053 1318 4135 interpretatur,
1350 4052 1385 4114 ire
1413 4052 1557 4114 afniman

319 4162 513 4236 cambam,
545 4158 630 4241 quod
663 4161 848 4224 arrrmissurrr
881 4164 1047 4222 exaratum
1081 4159 1196 4222 abierit
1228 4159 1263 4221 in
1295 4157 1452 4222 librorum
1481 4157 1557 4221 ecri-

323 4266 468 4350 pturam)
487 4268 617 4331 coerceri
634 4268 823 4348 reprimique
840 4287 903 4330 oon
916 4272 1024 4347 potest.
1058 4265 1145 4342 Quae
1164 4264 1387 4348 vituperabilis
1403 4265 1556 4328 nimirum

322 4374 428 4437 oratio
452 4394 518 4437 non
542 4377 600 4457 est,
628 4379 736 4436 tamen
759 4375 856 4437 etiam
875 4377 972 4456 atque
996 4374 1093 4436 etiam
1117 4371 1323 4457 ambigimus,
1351 4393 1447 4454 quam
1471 4376 1557 4435 recte
1571 4407 1598 4447 ω

324 4479 512 4562 repudietur
542 4480 656 4561 altera,
687 4501 783 4562 quam
814 4478 959 4543 videmus
990 4480 1086 4542 etiam
1116 4476 1261 4542 Fridolfo
1291 4477 1330 4541 V.
1359 4476 1556 4542 Gustafsono

326 4586 374 4670 (in
408 4585 518 4651 libello
552 4586 591 4649 de
622 4585 674 4649 his
703 4584 865 4650 Ciceronis
892 4586 985 4649 libris
1014 4608 1040 4648 a.
1067 4584 1152 4648 1878
1180 4582 1437 4670 Helsingforsiae
1470 4584 1556 4649 edito

329 4715 361 4775 p.
374 4657 431 4779 33)
454 4692 595 4778 probari,
619 4694 670 4757 cui
693 4695 824 4757 azimum
849 4691 893 4778 (h.
918 4715 943 4755 e.
967 4688 1164 4777 losqeloasere)
1189 4690 1336 4775 inprimis
1364 4692 1556 4757 conveniens

332 4796 404 4863 huic
425 4801 602 4864 sententiae
625 4800 757 4864 verbum
782 4822 851 4864 esse
874 4801 979 4864 visum
1002 4804 1060 4863 est.
1106 4798 1154 4862 De
1173 4797 1324 4863 Lucretio
1347 4820 1441 4863 nemo
1466 4797 1556 4861 dubi-

334 4908 417 4987 tavit,
438 4909 493 4989 qui
516 4928 589 4970 cum
614 4908 660 4971 ita
683 4906 796 4971 scribit
818 4906 869 4991 (vr
887 4904 987 4992 1040)

418 5098 461 5159 ⁸21
479 5098 541 5153 Nisi
560 5100 636 5167 quod
652 5099 801 5153 Muellerus
817 5116 902 5168 posse
913 5100 1001 5153 etiam
1015 5100 1144 5167 quoniam
1159 5098 1244 5152 scribi
1259 5114 1309 5166 pro
1325 5115 1356 5150 eo
1372 5096 1447 5163 quod
1462 5094 1558 5165 posuit

344 5200 411 5249 mom
428 5191 482 5242 iam
500 5189 654 5242 adnotavit.

420 5277 463 5345 ⁸8)
481 5276 534 5349 [De
552 5294 608 5345 quo
627 5294 728 5348 genere
747 5279 875 5331 universo
895 5294 969 5330 nunc
988 5277 1146 5330 accuratius
1166 5275 1279 5330 edocuit
1294 5276 1336 5327 Fr.
1353 5274 1408 5329 Leo
1427 5274 1457 5326 in
1472 5288 1557 5341 quae-

349 5359 468 5419 stionibus
487 5366 623 5420 Plautinis
642 5371 734 5436 (1895)
753 5385 776 5421 e.
791 5369 828 5438 v.]
