3925 6675
545 1128 597 1178 Du
616 1127 782 1180 solemius
801 1129 840 1179 IN
859 1129 1092 1180 ARISTOTELIS
1111 1127 1357 1180 RHETORICAM.
1503 1125 1567 1188 477

334 1289 422 1353 enim
447 1287 555 1354 Herm.
575 1287 716 1354 Dielsiue
740 1289 864 1375 collega
882 1294 993 1354 noster
1016 1291 1048 1353 iu
1073 1290 1191 1354 illustri
1211 1290 1481 1354 commentatione
1500 1310 1569 1354 aca-

335 1395 461 1460 demica
488 1420 514 1462 a.
541 1395 641 1480 1886,
669 1418 733 1481 qua
760 1396 891 1461 tertium
920 1396 1099 1462 rhetoricae
1126 1395 1246 1461 librum
1275 1418 1349 1462 vere
1377 1417 1459 1479 esse,
1484 1395 1569 1481 quod

336 1505 532 1588 dubitarunt,
550 1502 781 1569 Aristoteleum
805 1502 1045 1588 demonstravit,
1069 1502 1113 1589 (p.
1130 1502 1205 1590 7ο.)
1224 1504 1306 1569 falso
1330 1506 1365 1569 in
1384 1501 1569 1569 Aristotelis

337 1613 516 1678 orationem
540 1610 632 1676 illata
654 1611 695 1676 ab
717 1611 781 1677 hoc
803 1612 875 1677 loco
898 1611 1092 1678 removenda
1119 1632 1188 1675 esse
1216 1614 1333 1696 posuit.
1376 1609 1499 1688 Quibus
1522 1633 1569 1675 re

338 1718 446 1786 scissis
465 1721 625 1784 sonantia
642 1722 730 1784 recte
747 1718 893 1803 procedit
911 1720 963 1784 δεῖ
981 1715 1018 1783 δὲ
1039 1719 1101 1802 τὴν
1119 1721 1279 1804 περίοδον
1297 1720 1351 1784 καί
1375 1729 1413 1804 τῇ
1438 1720 1561 1804 διανοί,

337 1831 582 1910 τετελειῶσθαι,
604 1823 660 1890 καί
683 1827 727 1910 μὴ
750 1827 1000 1908 διακόπτεσθαι,
1025 1826 1218 1891 ’Ἶίαλυδὼν
1240 1822 1302 1910 μὲν
1324 1826 1383 1909 ἥδε
1407 1837 1485 1910 μαῖα
1504 1830 1569 1890 Πε-

338 1935 472 2010 λοπείας
490 1932 648 2017 χθονίς”,
666 1933 728 1998 hoc
742 1954 846 2016 versu,
865 1933 951 2017 quod
974 1937 1024 1998 est
1042 1933 1225 2018 exemplum
1244 1942 1304 1998 τοῦ
1319 1934 1569 2014 διακόπτεσθαι,

338 2041 437 2106 libere
460 2041 661 2125 interposito.
694 2039 817 2104 Verum
836 2039 920 2104 idern
945 2041 1032 2124 quod
1049 2040 1110 2105 hac
1128 2042 1253 2105 ratione
1276 2040 1362 2105 haud
1386 2041 1500 2104 inscite
1523 2041 1569 2104 iu-

339 2148 494 2232 stituitur,
515 2146 634 2214 licebat
652 2146 788 2212 fortasse
807 2147 921 2212 iisdem
945 2146 1051 2213 verbis
1069 2169 1136 2213 non
1155 2148 1268 2212 deletis
1288 2148 1342 2211 sed
1362 2149 1569 2232 transpositis

339 2256 466 2340 assequi
489 2277 555 2320 non
579 2254 834 2339 improbabilius,
857 2254 919 2320 hoc
937 2254 1035 2319 modo
1059 2257 1111 2321 δεῖ
1134 2251 1170 2320 δὲ
1194 2256 1255 2339 τὴν
1273 2255 1434 2340 περίοδον
1456 2253 1510 2320 καλ
1530 2265 1568 2340 τῇ
1585 2277 1611 2317 ιο

339 2364 471 2449 διανοίᾳ
493 2366 735 2445 τετελειῶσδαι,
758 2362 886 2447 ὥσπερ
909 2363 954 2425 τὰ
972 2361 1230 2446 Σοφοκλέους
1254 2364 1428 2448 ἰαμβεῖα,
1452 2360 1569 2447 καὶμὴ

339 2469 592 2549 διακόπτεσδαι,
620 2468 814 2534 “Καλυδὼν
840 2468 903 2554 μὲν
929 2467 1013 2552 tid?
1041 2473 1109 2534 κτλ.
1150 2467 1235 2534 Nam
1264 2470 1311 2535 sic
1344 2491 1472 2555 quoque
1504 2491 1570 2534 non

339 2574 564 2641 offendendum
589 2581 639 2640 est
662 2577 695 2640 in
718 2598 766 2660 eo,
789 2575 876 2660 quod
898 2597 1010 2640 versus
1033 2576 1123 2642 nullo
1143 2581 1274 2642 auctore
1298 2582 1331 2642 et
1353 2600 1394 2643 ue
1412 2576 1570 2662 particula

339 2682 467 2766 quidem
491 2682 633 2748 adnexus
657 2683 801 2747 affertur:
825 2682 864 2747 de
887 2705 951 2767 quo
975 2705 1092 2770 genere
1115 2707 1219 2768 nuper
1242 2685 1383 2749 diximus
1406 2685 1441 2749 in
1463 2684 1568 2769 dispu-

338 2789 460 2855 tatione
488 2789 670 2856 academica
697 2813 723 2854 a
750 2789 836 2855 1902
859 2814 890 2876 p.
912 2791 984 2855 177.
1022 2790 1067 2855 Et
1094 2791 1172 2855 haec
1201 2793 1330 2875 quidem
1354 2793 1568 2857 conformatio

337 2896 436 2962 habet
453 2919 518 2982 quo
537 2917 571 2962 se
589 2897 704 2982 probet
723 2897 915 2963 scholiastae
933 2898 1173 2982 auctoritatem,
1197 2899 1254 2984 qui
1273 2899 1408 2963 eundem
1428 2899 1462 2963 in
1481 2921 1569 2963 enar-

338 3004 437 3070 rando
461 3005 606 3071 ordinem
629 3009 759 3071 secutus
782 3010 844 3089 est,
870 3005 1007 3090 195,18
1031 3007 1085 3071 δεῖ
1101 3007 1214 3090 δὲτὴν
1227 3008 1388 3091 περίοδον
1407 3006 1569 3091 ἀπαρτί-

338 3116 420 3192 ζειν
452 3112 639 3179 διάνοιαν
670 3117 840 3192 τελείαν,
873 3105 927 3178 οἷοί
959 3115 1025 3178 εἰσι
1057 3111 1111 3178 καὶ
1142 3114 1187 3178 τὰ
1214 3122 1284 3178 τοῦ
1313 3112 1570 3197 Σοφοκλέους

338 3221 497 3305 ἰαμβεῖα
515 3258 559 3267 -
579 3257 621 3267 -
645 3220 727 3303 251⁹]
751 3221 810 3305 ὅλη
835 3229 920 3304 γοῦν
947 3221 1103 3306 περίοδος
1130 3221 1257 3306 ὀφείλει
1285 3220 1475 3305 ἀπαρτίζειν
1498 3221 1569 3285 διοί-

338 3352 435 3393 νοιαν
457 3325 512 3393 καὶ
531 3328 569 3393 τὸ
588 3327 669 3394 ὅλον
691 3332 811 3411 κῶλον,
833 3329 882 3413 μὴ
905 3326 1042 3413 μέντοι
1066 3352 1107 3411 με
1126 3324 1166 3393 δὲ
1187 3329 1478 3393 διακόπτεσδαι
1496 3339 1569 3406 ταῖς
1583 3348 1610 3388 ιο

338 3446 489 3519 στιγμαῖς
512 3440 580 3501 κτλ
613 3432 696 3511 Quid
715 3457 792 3522 ergo
817 3436 887 3500 est?
911 3435 1112 3501 credimusne
1130 3436 1217 3500 hunc
1236 3436 1443 3519 interpretem
1463 3436 1570 3521 dispo-

338 3542 485 3609 sitionem
516 3564 659 3607 servasse
687 3565 756 3607 eam
784 3565 848 3626 qua
874 3542 1066 3607 Aristoteles
1098 3542 1157 3607 has
1190 3545 1365 3608 sententiae
1400 3548 1569 3608 exsecutus

337 3650 428 3714 erat?
462 3648 552 3726 Quae
576 3647 649 3713 Chr.
671 3649 755 3735 Aug.
776 3649 938 3715 Brundisii
964 3650 1028 3714 fuit
1053 3650 1164 3735 opinio
1191 3649 1323 3737 (Philol.
1338 3668 1374 3714 ιν
1389 3649 1447 3736 47)
1477 3649 1569 3715 scho-

338 3756 466 3822 liastam
490 3757 523 3821 in
547 3778 606 3822 suo
629 3756 808 3823 rhetoricae
832 3756 1008 3843 exemplari
1035 3756 1114 3821 haec
1137 3758 1203 3822 fere
1226 3758 1344 3843 legisse
1368 3758 1568 3823 coniicientis

338 3864 389 3930 δεῖ
419 3865 481 3948 τὴν
512 3886 545 3929 π.
576 3873 616 3950 τῇ
647 3864 780 3950 διανοίᾳ
811 3869 1045 3930 τετελειῶσθαι
1077 3867 1205 3949 ὥσπερ
1238 3867 1283 3930 τδι
1313 3864 1569 3949 Σοφοκλέους

338 3971 511 4055 ἰαμβεῖα,
534 3969 598 4037 καί
621 3973 671 4057 μὴ
694 3972 982 4037 διακόπτεσθαι
1012 3973 1138 4052 ὥσπερ
1168 3974 1212 4036 τδι
1235 3981 1304 4037 τοῦ
1328 3971 1567 4055 Εὐριπίδου,

338 4077 531 4144 ’Ἵίαλυδὼν
557 4074 619 4163 μὲν
645 4077 728 4161 W
756 4083 823 4175 κτλ
856 4078 901 4143 At
928 4100 988 4143 nos
1017 4080 1077 4143 etsi
1104 4100 1169 4142 non
1197 4076 1284 4163 fugit
1307 4077 1384 4162 quid
1407 4078 1568 4142 commodi

338 4188 540 4251 muciscatur
563 4187 667 4251 oratio
687 4188 753 4251 siue
776 4187 912 4251 sublatis
931 4186 1037 4251 verbis
1061 4186 1170 4270 ὥσπερ
1195 4186 1234 4250 τὰ
1254 4184 1472 4268 Σοφοκλέους
1495 4187 1568 4270 ίαμ-

336 4295 409 4374 βεῖα
431 4293 499 4357 sire
523 4292 675 4380 traiectis,
698 4296 806 4358 tamen
825 4292 1011 4358 dubitamus
1030 4293 1123 4357 alteri
1150 4293 1215 4356 utri
1238 4292 1353 4356 harum
1379 4291 1568 4356 emendandi

338 4399 454 4465 rationi
478 4400 687 4466 subscribere.
720 4398 790 4464 Nos
808 4401 894 4464 enim
917 4400 1036 4464 retinet
1058 4420 1123 4463 non
1146 4402 1213 4463 tam
1232 4400 1349 4485 exigua
1372 4398 1452 4463 fides
1471 4420 1567 4483 quam
1581 4425 1608 4466 ιο

338 4505 530 4571 scholiastae
548 4506 731 4589 tribuimus,
750 4507 806 4591 qui
824 4528 891 4571 non
909 4508 994 4571 solet
1013 4506 1091 4571 adeo
1111 4528 1145 4570 se
1164 4506 1288 4572 auctori
1307 4528 1367 4571 suo
1385 4506 1568 4591 mancipare

337 4613 414 4697 quin
437 4614 567 4699 longius
591 4635 832 4698 nonnumquam
855 4614 895 4679 ab
919 4614 989 4678 eius
1007 4614 1154 4698 vestigiis
1173 4612 1283 4678 abiens
1306 4618 1449 4700 vagetur,
1472 4635 1567 4698 quam

338 4721 423 4805 quod
446 4742 530 4806 quae
554 4720 588 4785 in
611 4719 773 4786 rhetorica
795 4722 948 4808 leguntur
969 4720 1128 4786 librorum
1146 4721 1303 4785 beneficio
1326 4721 1446 4785 tradita
1467 4743 1508 4786 ne
1531 4743 1568 4786 ea

337 4828 466 4912 quidem
483 4850 549 4893 nou
569 4849 628 4892 sna
647 4828 862 4913 explicatione
880 4827 979 4893 tutari
998 4828 1106 4893 liceat:
1130 4829 1182 4893 δεῖ
1201 4824 1238 4892 δὲ
1257 4829 1318 4911 τὴν
1335 4829 1495 4912 περίοδον
1513 4828 1568 4894 καὶ

337 4944 374 5021 τῇ
404 4936 540 5022 διανοίᾳ
565 4940 798 5001 τετελειῶσδαι
825 4934 879 5000 καί
908 4936 952 5020 μὴ
980 4936 1220 5000 διακόπτεσθαι
1248 4936 1358 5019 ὥσπερ
1386 4937 1426 5000 τὰ
1454 4940 1568 5018 Σοφο-

337 5042 453 5120 κλέους
481 5043 622 5127 ίαμβεῖα.
669 5041 757 5119 Quae
785 5043 870 5107 enim
898 5042 1050 5126 copulata
1078 5046 1154 5106 sunt
1181 5047 1415 5107 accelerabatur
1441 5039 1496 5105 καὶ
1523 5043 1567 5124 μὴ

339 5148 433 5233 duaa„
449 5148 548 5236 vulgo
566 5170 633 5214 non
652 5154 727 5234 apte
746 5148 952 5214 distinctione
972 5153 1171 5234 separantur,
1191 5150 1311 5233 quippe
1334 5149 1368 5212 in
1382 5169 1479 5211 unam
1499 5169 1567 5213 sen-

338 5256 471 5322 tentiam
495 5256 644 5322 coeuntia
666 5278 704 5322 ex
729 5278 767 5321 eo
790 5278 851 5322 usu
871 5256 927 5341 qui
949 5257 1070 5321 multus
1089 5260 1146 5339 est,
1171 5278 1234 5339 quo
1254 5254 1395 5319 velutin
1414 5254 1568 5340 rhet.19‚

340 5362 422 5430 1367
434 5386 454 5429 a
469 5363 513 5429 20
527 5362 680 5429 scribitur
693 5361 826 5450 (καλὸν)
840 5362 895 5428 καὶ
909 5364 947 5429 τὸ
962 5366 1042 5439 τοὺς
1054 5362 1197 5447 ἐχθροὺς
1207 5368 1426 5447 τιμωρεῖσθαι
1439 5365 1568 5445 μᾶλλον
