3925 6675
520 1130 570 1180 DE
588 1128 763 1181 VERSIBUS
782 1129 994 1181 NONNULLIS
1011 1129 1160 1181 PACUVII
1177 1129 1333 1182 TRAGICI.
1479 1128 1544 1193 481

449 1289 559 1356 Mser
584 1295 629 1356 est
654 1295 755 1356 terrm
784 1291 821 1354 e'a
837 1292 930 1373 prm‘t
951 1290 1074 1373 acernis,
1105 1291 1248 1355 animam
1271 1291 1374 1356 aethe
1397 1290 1545 1373 eidiuqot·

305 1401 427 1483 postea
453 1397 510 1462 ubi
537 1396 598 1463 hoe
620 1417 771 1462 numeros
793 1396 942 1462 ferendos
965 1418 1032 1461 non
1055 1419 1123 1461 esse
1146 1397 1210 1461 sibi
1232 1398 1401 1482 persuasit,
1431 1419 1545 1482 operae

308 1524 378 1569 non
406 1505 565 1590 pepercit,
592 1504 672 1588 quin
697 1502 849 1569 meliores
875 1503 1023 1568 redderet
1050 1504 1091 1568 iis
1118 1504 1221 1568 modis
1250 1503 1403 1568 adhibitis
1427 1504 1544 1589 quibus
1572 1519 1574 1522 ·

309 1631 406 1675 usum
434 1609 589 1676 videmus.
625 1608 665 1675 In
693 1609 751 1676 illo
778 1632 873 1676 versu
898 1610 984 1694 quod
1007 1632 1084 1696 prae
1108 1611 1221 1676 ceteris
1244 1611 1370 1675 videtur
1393 1610 1545 1676 delicatus

309 1738 405 1782 auree
434 1715 578 1801 laesisse,
609 1694 720 1800 coeptis
747 1719 904 1796 animia,
936 1717 969 1782 id
997 1739 1099 1803 genus
1127 1716 1307 1782 Richardus
1335 1717 1483 1783 Klotzius
1511 1718 1545 1781 in

312 1822 459 1890 doctrina
485 1826 618 1889 metrica
645 1827 826 1910 priscorum
853 1828 1023 1909 poetarum
1046 1823 1265 1890 Romanorum
1295 1825 1368 1890 inde
1391 1848 1410 1889 a
1432 1849 1463 1910 p.
1479 1824 1542 1889 257

312 1929 422 1996 multis
455 1932 619 2017 congestis
646 1931 816 2016 exemplis,
847 1931 1008 1996 Plautinis
1039 1931 1246 2016 potissimum
1274 1935 1307 1996 et
1334 1931 1545 2015 Terentianis,

312 2037 440 2103 edocuit
461 2041 529 2103 tam
550 2037 616 2104 late
639 2039 781 2123 patuisse
804 2042 841 2102 nt
863 2060 964 2122 paene
986 2037 1077 2102 nulla
1099 2059 1165 2102 non
1188 2038 1277 2102 sedes
1302 2060 1412 2103 versus
1436 2039 1544 2123 trisyl-

311 2143 384 2210 laba
409 2144 463 2209 rel
489 2143 650 2229 bieyllaba
676 2145 774 2211 ferret
801 2145 836 2209 in
864 2145 992 2210 brevem
1020 2145 1170 2210 exeuntia
1193 2167 1274 2229 quae
1299 2144 1542 2230 insequentibus

314 2250 435 2315 duabus
454 2250 607 2317 brevibus
625 2257 759 2317 accentu
777 2251 936 2317 formetur.
969 2250 1096 2336 Quique
1114 2252 1192 2317 talia
1209 2274 1275 2316 non
1293 2253 1455 2337 aspernati
1469 2257 1544 2317 sunt
1558 2277 1584 2318 ro

282 2337 488 2429 &Aeschinis
514 2379 566 2442 eoo
592 2379 678 2439 acm,
714 2336 803 2426 Unde
820 2365 849 2424 et
866 2361 939 2424 item
957 2359 1044 2438 alter,
1063 2336 1182 2425 Nauis
1199 2360 1287 2425 bonu
1306 2361 1389 2438 dicit,
1413 2381 1468 2425 eos
1487 2382 1545 2425 cur

314 2470 461 2551 putamus
484 2465 689 2531 abhorruisse
711 2467 752 2530 ab
771 2487 809 2530 ea
826 2467 930 2530 forma
949 2487 1031 2549 quae
1050 2470 1099 2530 est
1118 2467 1151 2530 in
1170 2488 1264 2530 versu
1283 2465 1414 2530 Pacuvii
1434 2446 1544 2550 coeptis

315 2574 455 2640 animam
488 2573 592 2639 aether
622 2572 776 2656 adiacet?
821 2571 935 2657 Itaque
963 2574 1066 2638 invito
1095 2573 1276 2638 Ribbeckio
1305 2573 1345 2637 ad
1372 2574 1542 2659 pristinam

316 2680 380 2745 eius
402 2680 572 2765 rationem,
595 2701 691 2764 quam
715 2679 793 2745 olim
817 2701 912 2744 nemo
936 2684 1005 2745 erat
1027 2681 1083 2765 qui
1106 2702 1172 2745 non
1193 2685 1389 2765 sequeretur,
1411 2682 1544 2748 redeun-

315 2783 387 2852 dum
409 2787 618 2872 arbitramur,
640 2787 705 2852 nisi
729 2787 801 2870 quis
824 2786 909 2850 forte
932 2808 999 2851 non
1020 2785 1104 2852 hanc
1125 2809 1194 2851 esse
1211 2786 1308 2852 huius
1327 2810 1438 2853 versus
1457 2811 1543 2853 men·

316 2912 421 2959 eurem
444 2894 596 2978 opinetur
618 2893 674 2958 sed
696 2894 742 2958 ita
763 2893 862 2958 licere
885 2915 959 2958 eum
982 2893 1137 2958 dimetiri:

444 2999 555 3065 Mdter
576 3006 621 3065 eat
641 3006 742 3066 terro:
770 3002 807 3065 e'a
823 3002 917 3083 parit
938 3000 1064 3082 corpas:
1088 3002 1232 3065 animam
1253 2997 1257 3087 l
1278 3001 1380 3065 adhe
1402 3002 1542 3084 adiupat,

310 3104 343 3171 in
366 3128 433 3192 quo
456 3127 552 3171 versu
574 3105 658 3172 nihil
680 3112 738 3192 est,
760 3129 820 3172 nec
841 3107 1146 3191 proceleusmaticus
1170 3128 1207 3172 ca
1223 3105 1343 3193 puri(t)
1366 3129 1424 3171 nec
1448 3107 1541 3172 hians

306 3231 372 3279 vox
394 3210 591 3300 cesimum),
619 3214 706 3298 quod
728 3235 795 3280 non
818 3215 885 3279 suis
908 3214 1063 3298 exemplis
1086 3236 1125 3278 er
1148 3213 1264 3279 horum
1288 3219 1455 3299 poetarum
1480 3237 1539 3278 usu

305 3320 466 3388 vindicari
492 3321 605 3407 possit
643 3319 707 3387 Sed
728 3344 789 3386 nos
812 3321 895 3385 nihil
918 3344 1135 3387 asseveramus
1159 3321 1319 3405 fidentius,
1345 3322 1409 3386 nisi
1433 3345 1542 3406 unum,
1556 3347 1582 3389 ra

303 3447 369 3513 par
394 3449 462 3491 non
488 3449 558 3492 esee
584 3431 760 3493 metrorum
788 3450 883 3493 cauea
905 3431 1073 3513 peraptam
1097 3429 1275 3493 orationem
1299 3429 1542 3515 simplicemque

300 3535 488 3600 sententiae
510 3534 648 3620 gratiam
670 3556 800 3620 pessum
825 3535 901 3599 dari.

399 3639 507 3706 Simili
533 3641 659 3706 ratione
689 3647 796 3706 motus
819 3664 885 3707 non
907 3641 1085 3707 feliciorem
1108 3641 1185 3706 huic
1208 3644 1313 3708 versui
1336 3665 1467 3728 operam
1489 3644 1542 3709 ad·

297 3745 418 3815 hibuit
440 3746 476 3812 L.
493 3746 669 3813 Muellerus
692 3749 747 3832 qui
768 3747 913 3813 Nonium
937 3771 1031 3813 suum
1054 3748 1115 3813 hac
1138 3750 1391 3815 conformatione
1415 3751 1542 3815 ornavit

1171 3861 1256 3921 terra
1279 3862 1379 3921 mater
1401 3863 1451 3921 est.

442 3940 497 4027 Εά
513 3964 605 4045 pare
624 3961 742 4044 coeptu
780 3960 885 4047 [pater
906 3968 972 4027 tum
993 3962 1087 4046 fetet
1110 3963 1253 4027 animum
1276 3963 1380 4027 aeter
1401 3964 1541 4045 adiaput.

302 4066 370 4134 cai
398 4090 473 4136 cum
500 4066 533 4133 hi
557 4069 682 4133 numeri
704 4068 891 4153 probentur,
922 4069 976 4132 rix
1001 4070 1079 4134 satis
1102 4069 1306 4153 perspicuum
1329 4073 1386 4152 est,
1411 4090 1468 4134 cur
1491 4068 1542 4134 de·

302 4174 446 4240 seruerit
468 4195 523 4240 eos
541 4196 624 4259 quos
643 4197 683 4240 ex
701 4175 833 4240 testium
851 4177 1007 4240 memoria
1025 4174 1102 4240 olim
1122 4174 1319 4240 Ribbeckiue
1338 4196 1411 4241 cum
1429 4176 1541 4259 pleris-

304 4301 372 4366 que
392 4286 565 4367 receperat.
604 4280 693 4360 Quae
715 4305 791 4347 vero
816 4282 940 4347 addidit
962 4287 1001 4346 ut
1023 4286 1127 4347 metra
1150 4286 1334 4347 constarent
1358 4280 1446 4369 (nam
1471 4304 1541 4348 sen·

308 4389 412 4454 tentia
432 4387 517 4453 nihil
538 4389 601 4454 sibi
623 4388 697 4453 addi
719 4388 912 4473 requirebat,
937 4389 1035 4454 immo
1059 4412 1099 4453 ne
1122 4389 1246 4453 ferebat
1269 4388 1422 4475 quidem),
1446 4390 1479 4453 in
1499 4389 1539 4453 iis
1553 4418 1582 4460 eo

308 4514 374 4560 non
401 4494 544 4561 dicemus
575 4495 651 4579 quid
675 4496 779 4561 inesse
802 4496 904 4581 inepti
928 4500 984 4560 aut
1007 4495 1137 4560 ridiculi
1160 4495 1316 4578 rideatur,
1344 4518 1456 4561 verum
1478 4496 1541 4562 hoc

309 4600 517 4686 affirmemus,
539 4623 577 4666 ea
598 4605 666 4667 tam
689 4624 708 4666 a
726 4601 882 4667 Varronis
906 4606 1013 4667 mente
1037 4625 1133 4686 quam
1157 4626 1176 4667 a
1198 4601 1299 4669 Nonii
1322 4602 1454 4688 plenum
1474 4624 1540 4667 ver-

311 4728 381 4773 sum
403 4707 565 4774 laudantis
587 4709 776 4775 testimonio
800 4710 917 4793 respui.

397 4919 463 4990 ⁸19)
481 4919 523 4974 De
540 4919 631 4986 hiatu,
650 4921 680 4975 in
699 4920 867 4975 Pacuuianis
885 4921 956 4976 haec
974 4920 1117 4975 habentur
1134 4920 1432 4991 (Perib.xr11303R.)

522 5010 888 5082 cameracorensi
906 5010 1040 5065 adventus
1058 5027 1092 5065 ae
1110 5016 1204 5065 taceret
1222 5012 1290 5066 loca.

308 5095 355 5153 flio
378 5096 455 5152 enim
476 5097 547 5153 haec
569 5097 678 5153 Nonius
701 5116 728 5167 p.
747 5103 842 5165 178,8
866 5099 992 5169 scripsit3
1015 5099 1175 5168 exquibus
1198 5099 1308 5153 hiatum
1332 5098 1431 5152 tollere
1455 5099 1540 5151 variis

307 5185 402 5242 nodi·
419 5190 608 5257 temptarunt3
626 5205 745 5256 quorum
764 5187 840 5256 quod
858 5187 1059 5257 praestabilius
1078 5192 1121 5243 eet
1139 5187 1202 5241 aliie
1217 5187 1381 5241 Buecheleri
1396 5187 1540 5242 inventurn

305 5276 452 5333 beluam
470 5276 603 5333 adm
621 5295 655 5332 ac
671 5278 795 5345 [aarum
814 5280 908 5331 tamen
928 5276 1015 5331 habet
1033 5275 1109 5345 quod
1128 5276 1251 5332 deterius
1271 5276 1308 5330 sit
1326 5292 1407 5330 versu
1426 5276 1540 5344 tradito,

302 5381 395 5436 quem
412 5364 491 5419 haud
509 5366 582 5420 scias
600 5382 637 5420 an
655 5368 781 5436 praestet
799 5365 938 5421 intactum
956 5364 1123 5434 relinquere.

363 5463 492 5506 Vahlen!
505 5464 617 5516 ommi·
630 5466 660 5506 11.
1290 5459 1322 5508 81

857 5529 872 5560 0
