3925 6675
584 1136 635 1186 nn
651 1134 882 1186 manauco
901 1134 1061 1185 vmsaro
1079 1133 1235 1185 uernae.
1467 1131 1528 1194 141

287 1297 447 1362 ramum.
479 1294 593 1380 Itaque
611 1295 674 1360 hoc
691 1299 845 1380 superest,
863 1299 901 1360 ut
918 1294 975 1360 illa
994 1316 1076 1379 quae
1094 1318 1152 1379 per
1170 1316 1204 1358 se
1223 1293 1292 1360 sola
1310 1317 1376 1359 nou
1394 1297 1531 1377 possunt

289 1424 358 1467 non
377 1403 473 1468 valde
491 1402 623 1486 probari
641 1402 784 1487 reliquae
798 1402 938 1466 orationi
951 1402 998 1465 sie
1011 1406 1049 1466 ut
1062 1423 1121 1485 par
1134 1405 1183 1465 est
1197 1401 1407 1497 applicentur.
1435 1399 1531 1466 Vide

244 1538 247 1547 ·
290 1531 366 1574 mur
386 1515 497 1574 autem
516 1514 656 1574 mentem
675 1509 843 1592 scriptoris
862 1510 910 1573 ita
926 1513 1012 1572 recte
1030 1508 1235 1592 interpretari
1252 1511 1298 1591 ut,
1320 1511 1530 1591 posteaquam

289 1615 496 1681 crudelitatis
524 1618 663 1701 speciem
690 1638 748 1701 per
774 1615 904 1702 singula
928 1615 1122 1699 depinxerit,
1148 1613 1200 1678 his
1222 1614 1374 1679 extremis
1396 1613 1531 1678 liberius

288 1722 430 1789 adiectis
449 1744 516 1788 non
533 1728 601 1787 tam
619 1722 675 1788 illa
693 1722 860 1806 superiora
878 1722 1118 1806 complectatur,
1137 1721 1224 1805 quod
1242 1721 1312 1786 fieri
1330 1743 1397 1785 uon
1414 1725 1531 1805 potest,

293 1851 395 1913 quam
426 1830 576 1894 universe
604 1830 667 1894 hoc
694 1829 894 1894 crudelitatis
921 1850 990 1894 esse
1018 1828 1170 1912 affirmet,
1202 1831 1240 1893 ut
1266 1827 1324 1892 ubi
1351 1829 1396 1892 sit
1423 1828 1531 1892 omnia

292 1937 394 2000 minis
418 1941 452 2002 et
474 1938 616 2001 cruentis
638 1937 783 2021 imperiis
807 1937 924 2001 referta
946 1957 1016 2000 esse
1039 1934 1248 2021 intelligatur.

388 2061 420 2108 v.
442 2042 602 2128 Exposita
624 2042 781 2128 singulari
805 2042 842 2119 Q.
859 2041 985 2107 Metelli
1007 2041 1162 2107 felicitate
1185 2043 1232 2107 ita
1254 2041 1362 2127 pergit
1379 2041 1529 2106 Valerius

296 2165 348 2212 vn
371 2151 437 2233 1,2
460 2148 551 2236 (321,
572 2149 627 2237 ll)

434 2255 533 2322 Clara
558 2258 634 2322 baec
657 2257 810 2339 felicitas:
842 2257 1000 2322 absumor
1026 2256 1085 2321 illa
1111 2257 1209 2340 sed†
1236 2257 1343 2322 diuino
1370 2256 1530 2338 splendori
1544 2283 1570 2323 so

427 2367 628 2446 praeposito:
650 2385 721 2429 nrm
743 2366 827 2429 enim
852 2363 955 2447 Gypes
975 2384 1070 2445 rmno
1089 2363 1212 2446 lydiae
1234 2365 1336 2428 urmes
1357 2370 1385 2428 et
1408 2364 1530 2428 diuitiis

432 2470 705 2537 abundantissimo
727 2471 861 2552 mflatus
882 2472 990 2535 animo
1013 2470 1193 2552 Apollinem
1217 2470 1368 2553 Pythium
1392 2472 1529 2536 scienta-

433 2584 497 2642 tum
520 2580 650 2643 uenuset
672 2599 716 2643 an
739 2578 856 2660 alionis
878 2577 1061 2643 mortalium
1083 2598 1116 2642 se
1138 2583 1213 2642 esset
1232 2577 1367 2658 felicior,
1395 2578 1471 2642 detes
1493 2598 1529 2642 ea

432 2685 537 2750 abdito
567 2686 706 2750 macrii
736 2705 826 2766 meon
855 2704 926 2749 voce
956 2685 1055 2750 missa
1086 2683 1227 2766 Aplaum
1259 2684 1469 2766 Psophidium
1500 2687 1530 2750 ei

426 2792 587 2874 praetulit.
632 2792 668 2857 Is
699 2797 766 2857 erat
796 2792 960 2856 Arcadum
987 2793 1212 2873 pauperrimus
1243 2792 1297 2857 sed
1328 2796 1428 2855 aetate
1462 2793 1529 2855 iam

431 2901 534 2964 serrim
556 2900 704 2964 terminos
726 2898 820 2981 apelli
841 2899 894 2962 sui
910 2919 1083 2979 numquam
1102 2904 1276 2976 excesserat,
1294 2898 1426 2980 parnub
1442 2899 1530 2962 rueris

429 3005 584 3088 fundibus
603 3004 869 3087 voluptatibusque
890 3011 1055 3070 contentus.

323 3105 389 3182 Quid
407 3117 572 3197 peccatum
595 3113 637 3176 sit
655 3112 749 3177 initio
768 3112 865 3176 huius
884 3112 999 3195 capitis
1018 3113 1052 3176 in
1071 3115 1183 3195 aperto
1203 3115 1260 3193 est,
1283 3111 1445 3195 variisque
1464 3134 1530 3176 mo-

323 3212 361 3278 dis
383 3219 549 3285 manifesto
579 3220 660 3284 vitio
690 3219 811 3284 mederi
841 3218 950 3285 conati
978 3222 1063 3283 sunt.
1100 3216 1147 3283 Ut
1174 3217 1341 3282 mittamus
1369 3218 1528 3285 Perizonii

245 3308 246 3317 ἵ
322 3317 520 3412 Wenslxyique
539 3330 720 3393 commenta
737 3325 855 3410 futilis,
874 3348 1011 3411 quorum
1030 3324 1085 3389 ille
1104 3326 1211 3390 divine
1227 3323 1279 3390 vel
1298 3325 1451 3391 diuinitus
1469 3350 1528 3410 pro
1544 3352 1570 3392 so

320 3429 418 3519 diuina
445 3434 501 3499 hic
522 3456 583 3519 pro
606 3434 716 3499 eadem
740 3454 819 3499 voce
840 3454 922 3498 uano
945 3433 1044 3499 scribi
1067 3454 1164 3517 posse
1187 3434 1388 3517 coniectavit,
1416 3434 1529 3518 proba-

317 3532 413 3606 biliora
435 3546 512 3606 sunt
539 3562 621 3625 quae
643 3539 793 3605 Halmius
817 3541 1001 3625 proposuit,
1024 3540 1133 3605 diuino
1157 3539 1241 3625 [ore]
1263 3540 1423 3621 splendori
1439 3563 1474 3623 p.
1497 3546 1530 3605 et

311 3665 379 3729 quae
396 3648 471 3713 inde
484 3647 623 3733 profecti
636 3647 815 3733 Kempfius,
833 3649 940 3713 diuino
954 3646 1026 3731 [ore
1041 3646 1137 3731 vano]
1151 3647 1311 3728 splendori
1325 3652 1357 3711 et
1372 3646 1530 3730 Gertzius,

306 3752 404 3820 denso
426 3753 561 3839 [iudicio
581 3755 677 3839 rano]
700 3755 867 3836 splendori.
903 3753 953 3818 De
977 3776 1117 3837 quorum
1140 3754 1279 3818 inventis
1303 3777 1362 3819 nos
1385 3756 1431 3819 ita
1449 3754 1529 3819 iudi-

302 3881 405 3927 camus
427 3883 489 3927 nec
508 3861 670 3943 splendori
692 3861 854 3946 requirere
877 3861 964 3946 quod
987 3860 1050 3925 sibi
1073 3860 1221 3925 addatur:
1249 3861 1337 3925 dura
1364 3862 1439 3925 baec
1458 3862 1529 3943 feli-

298 3970 385 4048 citas,
412 3968 571 4034 οὸοοιινίον
593 3968 652 4032 dla
674 3970 729 4033 sed
749 3969 909 4050 splendori
925 3970 1125 4050 praepositm
1154 3972 1186 4032 et
1208 3989 1302 4046 uano,
1332 3968 1420 4050 quod
1448 3968 1528 4031 adii-

295 4076 393 4158 ciunt,
421 4096 488 4140 non
516 4079 584 4139 tam
614 4076 791 4141 sententiae
814 4074 1029 4140 absolvendae
1052 4097 1158 4157 causa,
1185 4078 1223 4138 ut
1245 4079 1405 4159 putamus,
1433 4097 1528 4158 quam

293 4182 332 4247 ad
355 4181 590 4247 sublevandam
610 4182 800 4247 emendandi
818 4182 1017 4265 facilitatem,
1040 4181 1119 4247 adeo
1138 4202 1204 4245 non
1223 4181 1405 4263 desiderari,
1427 4203 1528 4265 paene

294 4294 329 4354 ut
350 4289 533 4375 infringere
556 4288 713 4354 orationis
735 4290 802 4353 rim
826 4289 981 4353 videatur.
1027 4287 1142 4372 Itaque
1165 4289 1198 4353 in
1223 4310 1260 4353 eo
1289 4288 1527 4352 subsistendum

291 4401 355 4480 cst,
384 4400 422 4460 ut
448 4416 502 4461 ονε
522 4395 672 4479 addatur,
698 4397 806 4461 diuino
828 4418 870 4461 ne
892 4418 951 4461 suo
974 4397 1104 4461 nomine
1128 4402 1246 4480 careat3
1274 4417 1346 4480 nam
1372 4416 1435 4474 ore,
1462 4416 1569 4460 nonu

290 4503 410 4568 indicio
439 4502 614 4567 verisimile
636 4508 686 4567 est
708 4501 874 4567 Valerium
898 4502 1052 4585 voluisse,
1076 4503 1131 4585 qui
1156 4525 1185 4586 p.
1205 4501 1262 4585 49,
1283 4501 1324 4566 15
1347 4502 1394 4565 ita
1416 4500 1530 4567 scribit

290 4609 375 4675 allud
399 4615 525 4674 tanum
551 4630 615 4674 non
642 4631 694 4675 ονε
720 4611 823 4691 maius
848 4610 1009 4691 Apollims
1034 4610 1159 4674 editum.
1198 4608 1289 4685 Quod
1313 4612 1350 4672 ut
1374 4631 1432 4673 suo
1455 4609 1528 4673 loco

290 4722 443 4802 ponatur,
460 4717 496 4781 in
513 4716 601 4781 huuc
617 4716 749 4781 modum
769 4716 1030 4782 conformandam
1046 4738 1114 4781 esse
1129 4718 1307 4781 orationem
1322 4714 1527 4784 arbitramur:

289 4824 380 4889 dara
405 4823 483 4888 auec
506 4823 658 4903 felicitas:
686 4824 842 4889 metamor
863 4824 922 4888 illa
944 4825 1000 4889 sed
1022 4826 1128 4888 divina
1151 4824 1309 4907 splendori
1332 4822 1416 4907 [ore]
1434 4842 1529 4901 prae-

283 4933 402 5012 posita.
426 4928 494 4995 Ubi
507 4951 560 4995 ore
572 4952 636 4994 vox
649 4936 726 5014 post
737 4931 896 5012 splendori
909 4932 1027 4995 extrita
1041 4935 1099 5014 est,
1114 4930 1381 5013 quemadmodum
1395 4928 1470 5011 279,
1487 4927 1528 4991 10

289 5042 367 5123 post
382 5038 451 5119 sori
468 5034 571 5101 exidit
588 5058 661 5102 ora:
680 5041 766 5102 recte
784 5038 869 5102 enim
883 5037 1052 5122 Kempfius
1071 5039 1164 5103 totius
1182 5043 1255 5102 tune
1265 5038 1330 5118 fori
1345 5034 1429 5120 [ora]
1445 5034 1528 5098 elau-

289 5150 399 5211 aenmt
420 5142 461 5209 de
484 5166 542 5209 sus
566 5144 751 5210 coniectura
774 5144 882 5209 edidit.
919 5142 1041 5208 Verum
1069 5146 1165 5208 nimis
1193 5144 1295 5227 inepti
1318 5164 1471 5223 essemus,
1500 5141 1528 5204 si

289 5251 381 5316 illam
406 5251 522 5317 seriem
545 5251 716 5315 verborum
740 5252 834 5316 alteri
856 5252 1089 5335 praeferremus
1113 5251 1154 5315 ob
1177 5273 1247 5315 eam
1267 5250 1371 5314 solum
1390 5269 1526 5329 oausam,

289 5363 326 5423 ut
348 5358 480 5424 iacilim
505 5359 742 5443 perspiceretur
769 5380 833 5443 quo
861 5380 968 5424 errore
996 5381 1060 5424 vox
1082 5358 1191 5423 addita
1218 5358 1404 5421 interiisset:
1427 5356 1526 5419 immo
