3925 6675
583 1031 681 1083 Accu
699 1033 748 1082 DE
767 1032 967 1084 cumeanus
986 1033 1177 1086 PLAUTINIS
1196 1036 1372 1087 MEMORIA.
1534 1034 1600 1099 407

366 1193 453 1278 fuit),
477 1197 509 1258 et
532 1192 619 1277 quod
640 1198 775 1277 propter
795 1196 960 1260 metricam
982 1196 1269 1261 conformationem
1286 1198 1352 1277 snit
1369 1198 1404 1262 in
1422 1196 1482 1264 hac
1501 1199 1602 1264 altera

368 1303 460 1384 parte
483 1299 684 1384 addiderunt,
707 1302 853 1367 oratione
875 1307 961 1367 recte
985 1304 1152 1367 aestimata
1171 1325 1289 1368 vanum
1308 1326 1376 1369 esse
1396 1303 1600 1390 intelligitur.

368 1405 469 1491 Atqui
498 1429 539 1471 ne
566 1429 683 1471 nomen
710 1408 840 1492 quidem
868 1413 938 1472 erat
971 1409 1058 1520 quod
1086 1411 1203 1474 iterum
1231 1415 1418 1495 poneretur,
1449 1411 1600 1496 quoniam

367 1535 434 1578 non
457 1514 563 1578 solum
585 1535 734 1596 umqsmm
755 1517 821 1596 fuit
842 1516 897 1580 sed
921 1516 1034 1582 Plauti
1055 1537 1205 1599 emortum
1226 1519 1291 1599 fuit
1313 1518 1347 1582 in
1370 1519 1431 1583 hac
1452 1521 1601 1583 iunctura

367 1621 598 1686 sententiarum
622 1621 725 1686 audiri
750 1627 890 1705 poterat:
919 1633 993 1688 curn
1017 1623 1102 1688 enim
1126 1625 1172 1688 ita
1195 1623 1274 1688 dicit
1295 1645 1350 1690 nee
1372 1625 1466 1692 Anne
1489 1624 1601 1691 Plauti

366 1747 422 1792 nec
443 1727 572 1793 Boeotia
595 1750 746 1812 nmquam
766 1731 831 1810 fuit
852 1751 948 1813 neptae
970 1731 1047 1796 adeo
1069 1729 1315 1814 Commorientes,
1338 1732 1411 1816 quis
1435 1737 1599 1817 exspectat

367 1835 553 1920 genetivum
575 1836 715 1902 nominis
738 1836 835 1901 addi?
867 1836 929 1903 Vel
953 1838 980 1902 si
999 1842 1108 1902 tamen
1128 1839 1266 1922 scriptor
1283 1838 1469 1924 genetivum
1488 1839 1599 1904 abesae

366 1941 482 2024 noluit,
499 1965 559 2027 pro
578 1943 708 2008 nomine
726 1944 845 2008 licebat
862 1946 1054 2028 pronomine
1068 1944 1200 2032 defungi
1214 1947 1289 2011 eius.
1322 1943 1385 2010 Sed
1400 1945 1476 2029 quia
1491 1945 1599 2011 Macci

367 2050 435 2113 Titi
457 2050 615 2134 scriptum
638 2055 696 2133 est,
719 2073 801 2134 quae
824 2051 932 2116 eadem
957 2052 992 2115 in
1015 2053 1151 2140 prologo
1170 2051 1358 2118 Mercatorir
1381 2052 1543 2140 leguntur,
1566 2057 1599 2117 et

314 2159 351 2216 11
367 2157 443 2238 quia
469 2157 518 2221 vis
546 2157 700 2241 quaedam
728 2159 924 2245 pernegandi
948 2161 983 2223 in
1006 2159 1046 2224 iis
1070 2162 1119 2223 est
1143 2181 1225 2244 quae
1248 2159 1327 2224 dicit
1349 2180 1403 2224 neo
1426 2160 1466 2224 A.
1487 2160 1599 2225 Plauti
1613 2185 1639 2226 ro

366 2284 516 2346 emessam
541 2266 606 2346 fuit
631 2285 727 2348 oeque
753 2267 830 2330 adeo
860 2264 893 2331 0.
911 2267 1022 2330 Macae?
1044 2268 1124 2346 Titi,
1156 2265 1207 2330 his
1235 2267 1413 2332 rationibus
1441 2266 1597 2332 adductus

365 2370 432 2436 Leo
459 2369 594 2437 Accium
623 2372 820 2437 existimavit
846 2373 991 2457 prologis
1019 2373 1058 2436 de
1085 2372 1266 2438 fabularum
1296 2374 1421 2458 origine
1449 2373 1598 2438 Plautina

366 2478 559 2544 testantibus
583 2478 715 2563 obloqui
739 2479 785 2544 ita
807 2480 937 2563 quidem
960 2483 997 2544 ut
1020 2479 1060 2544 ad
1081 2500 1191 2544 eorum
1210 2479 1329 2547 indicia
1348 2503 1423 2546 suae
1442 2482 1597 2545 orationis

366 2584 501 2650 formam
533 2586 799 2651 accommodaret.
839 2592 876 2650 In
911 2608 975 2670 qua
1006 2609 1041 2652 re
1072 2586 1134 2651 hoo
1166 2587 1306 2672 primum
1339 2587 1489 2671 dicimus,
1520 2588 1597 2653 licet

365 2692 459 2756 nobie
483 2694 562 2758 satis
585 2692 739 2777 probasse
756 2693 922 2758 videamur
939 2695 1080 2778 priorem
1098 2698 1223 2778 partem
1243 2695 1419 2759 sententiae
1438 2693 1597 2759 Accianae

364 2821 466 2866 unum
488 2799 615 2866 efficere
638 2823 697 2865 nec
720 2799 870 2866 distribui
894 2802 927 2864 in
946 2804 1055 2885 partes
1074 2800 1161 2884 duas,
1184 2803 1222 2864 ut
1240 2801 1294 2865 ille
1313 2800 1425 2885 voluit,
1450 2823 1514 2885 quo
1534 2801 1597 2865 tria

364 2911 472 2972 essent
499 2929 581 2992 quae
609 2912 832 2991 separarentur
858 2907 1041 2972 fabularum
1065 2929 1195 2994 genera,
1223 2911 1330 2972 tamen
1354 2907 1510 2972 orationis
1533 2907 1596 2972 for-

364 3037 450 3080 mam
476 3037 543 3080 non
569 3014 740 3100 impedire,
768 3035 832 3099 quo
860 3015 967 3078 minus
991 3013 1054 3080 duo
1079 3015 1193 3079 saltem
1217 3036 1336 3100 genera
1357 3014 1595 3080 comoediarum

363 3121 617 3208 distinguantur,
640 3143 777 3206 quorum
800 3123 936 3186 alterum
962 3117 1372 3204 Plouti,alterumai1tem
1397 3122 1505 3186 Macci
1529 3123 1597 3187 Titi
1639 3141 1643 3150 ·

362 3229 492 3294 nomine
511 3229 704 3316 designetur,
728 3233 760 3293 et
778 3229 941 3315 quoniam,
963 3229 1011 3294 uti
1032 3228 1180 3308 diximus,
1200 3228 1312 3294 Plauti
1330 3249 1449 3293 nomen
1467 3229 1593 3313 saepius
1609 3257 1635 3298 ao

312 3378 316 3385 ·
362 3338 398 3401 in
415 3337 568 3423 prologis,
587 3338 687 3401 semel
701 3337 809 3401 Macci
824 3337 892 3401 Titi
905 3340 1061 3420 occurrat,
1080 3358 1119 3401 ex
1133 3336 1278 3422 prologis
1292 3333 1452 3401 Plautinis
1466 3336 1594 3401 ductam

362 3442 453 3511 Accii
481 3444 659 3510 orationem
686 3447 856 3509 statuatur.
893 3442 956 3508 Sed
984 3444 1063 3509 baec
1087 3466 1168 3528 quae
1191 3443 1260 3507 fieri
1285 3444 1430 3528 potuisse
1452 3466 1518 3508 non
1542 3468 1594 3511 ne-

362 3574 485 3639 gamus,
507 3574 604 3636 quam
626 3536 723 3616 fidein
746 3549 863 3615 habere
887 3550 1039 3633 dicamus,
1062 3572 1123 3615 nos
1146 3550 1238 3615 valde
1261 3550 1424 3637 ambigere
1448 3551 1593 3617 fatemur.

361 3656 446 3724 Nam
466 3658 613 3743 quamvis
632 3658 813 3743 speciosum
831 3658 883 3741 sit,
904 3658 1013 3723 Macci
1032 3658 1099 3723 Titi
1117 3680 1235 3723 nomen
1254 3660 1286 3721 et
1304 3659 1339 3721 in
1357 3658 1493 3745 prologo
1512 3658 1594 3723 Mer-

360 3767 479 3832 catoris
502 3770 535 3831 et
556 3766 588 3831 in
608 3764 698 3830 Accii
717 3766 877 3830 sententia
894 3765 1015 3845 haberi,
1039 3785 1102 3848 quo
1122 3765 1190 3828 iure
1209 3766 1364 3829 sumimus
1383 3766 1466 3830 idem
1487 3764 1593 3831 Plauti

359 3895 478 3938 nomen
500 3874 533 3937 in
556 3872 629 3937 aliis
651 3894 780 3957 quoque
803 3871 947 3956 prologis
970 3870 1090 3935 lectum
1109 3870 1208 3935 fuisse
1227 3875 1259 3934 et
1278 3892 1385 3936 earnm
1405 3873 1592 3956 praesertim

359 3978 542 4053 tabularum
560 4002 639 4065 quas
657 3979 760 4045 Macci
775 3978 842 4043 Titi
861 4001 930 4043 esee
943 3977 1063 4044 Accius
1081 3978 1241 4063 negabat?
1273 3976 1372 4042 Cuius
1392 3979 1593 4061 sententiam,

359 4108 442 4171 quae
465 4086 561 4151 bodie
584 4090 699 4171 exstat,
722 4085 867 4151 videmus
890 4084 1027 4151 mediam
1053 4084 1274 4168 depromptam
1294 4105 1363 4149 esse
1382 4106 1421 4147 ex
1440 4106 1477 4149 ea
1496 4106 1592 4168 quam

359 4193 504 4259 instituit
530 4194 569 4258 de
594 4192 700 4257 Plauti
727 4192 846 4258 iabulia
874 4190 1106 4277 disputatione,
1134 4192 1167 4255 in
1196 4212 1260 4275 qua
1287 4190 1356 4254 fieri
1385 4212 1450 4255 non
1477 4192 1593 4274 potuit,

358 4301 438 4385 quin
466 4300 592 4384 saepius
617 4299 724 4364 Plauti
751 4300 898 4384 nomina,
924 4321 981 4363 cur
1008 4300 1092 4364 enim
1120 4321 1219 4363 unum
1248 4299 1367 4381 solum,
1394 4300 1591 4382 ponerentur
1606 4325 1633 4365 so

357 4411 440 4473 aute.
479 4404 533 4471 Sic
555 4409 640 4472 certe
664 4408 830 4472 universae
854 4406 1044 4489 sententiae,
1068 4428 1164 4491 quam
1188 4408 1239 4471 cui
1257 4405 1409 4471 hariolari
1429 4404 1509 4469 libet
1529 4403 1591 4469 hoc

358 4513 454 4579 modo
478 4512 586 4579 animo
609 4513 672 4579 sibi
696 4514 846 4579 informet
869 4512 1003 4577 ‘multae
1026 4516 1102 4578 sunt
1124 4512 1251 4578 fabulae
1275 4534 1356 4597 quae
1375 4512 1514 4576 edoctis
1534 4510 1591 4577 bo·

358 4620 500 4687 minibus
522 4642 582 4707 pro
602 4620 760 4685 Plautinis
782 4621 970 4702 habeantur,
993 4642 1073 4704 quas
1096 4620 1135 4685 ad
1155 4620 1304 4685 Plautum
1324 4624 1452 4702 poetam
1472 4620 1590 4684 referre

356 4750 423 4793 non
451 4726 550 4812 licet’,
578 4727 787 4793 confirmandi
814 4749 910 4791 causa
938 4726 1154 4793 subiiciuntur
1181 4728 1237 4792 illa
1260 4749 1342 4811 quae
1364 4748 1424 4793 uos
1450 4727 1589 4813 legimus

356 4836 517 4921 exempla:
539 4856 616 4901 nom
637 4854 693 4899 nec
717 4834 846 4899 Gerraioi
867 4834 990 4899 lorcam
1011 4855 1066 4899 nec
1086 4834 1271 4899 omnium
1294 4854 1349 4898 neo
1367 4835 1459 4900 Anas
1478 4833 1590 4898 Plauti

356 4964 411 5009 noc
433 4942 496 5008 Bis
521 4962 694 5026 compresso
720 4962 775 5007 noo
797 4940 927 5005 Boeotio
954 4962 1103 5023 unguem
1128 4942 1193 5023 fnit
1218 4962 1314 5024 neque
1337 4941 1413 5005 adeo
1433 4940 1590 5023 Agroecio

355 5070 452 5132 neque
476 5048 715 5115 Cosnmorientes
737 5049 846 5113 Maeci
870 5049 944 5113 Titi.
982 5047 1026 5113 Et
1054 5049 1205 5133 quoniam
1230 5046 1346 5113 Accius
1375 5069 1441 5111 uon
1464 5048 1588 5131 primus

356 5156 412 5221 sed
431 5159 506 5221 aute
524 5178 598 5221 eum
616 5156 672 5220 alii
691 5156 725 5221 iu
739 5156 906 5221 veritatem
920 5154 1102 5219 fabularum
1118 5154 1338 5219 Plautinarum
1354 5153 1589 5237 inquisiverunt

355 5261 434 5349 (boo
457 5263 542 5329 enim
567 5259 690 5327 Gellius
713 5265 860 5338 testatur,
883 5282 954 5325 cum
978 5263 1109 5325 ineunte
1133 5260 1189 5325 illo
1213 5260 1317 5344 capite
1339 5260 1384 5324 ita
1403 5260 1516 5325 scribit
1535 5262 1591 5342 qui
