3925 6675
580 1163 631 1211 nn
649 1161 879 1213 muniano
898 1162 1057 1212 vsusuro
1076 1161 1231 1212 uaxmo.
1463 1132 1525 1223 147

288 1321 414 1406 scripta
452 1327 543 1386 erant
575 1327 650 1387 ante
685 1344 829 1388 rasuram
865 1325 900 1386 in
931 1322 1101 1407 Berueusi3
1139 1323 1194 1386 sed
1232 1345 1269 1386 ea
1304 1323 1421 1388 vitiosa
1458 1345 1527 1388 esse

288 1433 365 1513 post
397 1427 457 1494 illa
483 1429 603 1510 falsam
627 1430 710 1510 def.
733 1451 773 1494 m.
796 1432 943 1494 nuntium
975 1451 1042 1493 non
1074 1434 1123 1495 est
1156 1429 1241 1513 quod
1275 1430 1387 1494 multis
1419 1429 1526 1494 verbis

290 1529 532 1621 comprobetur.
582 1534 695 1620 Itaque
732 1557 804 1600 cum
842 1535 973 1601 Halmio
1011 1536 1179 1620 Kempfius
1213 1559 1250 1600 ea
1287 1537 1415 1601 induxit
1447 1541 1526 1601 tem-

290 1664 390 1726 quam
422 1643 541 1728 spuria.
586 1641 626 1707 ln
656 1664 721 1726 qua
749 1665 784 1707 re
814 1643 875 1706 uiti
906 1643 1035 1727 quidem
1067 1646 1203 1727 possunt
1230 1642 1354 1707 Paridis
1385 1643 1527 1728 epitoma

288 1751 371 1816 haec
403 1749 504 1815 verba
535 1751 722 1815 omittentis.
769 1749 832 1814 Sed
863 1749 960 1814 huius
993 1751 1152 1834 epitomae
1189 1752 1312 1816 auctori
1350 1751 1526 1815 cavendum

290 1863 341 1922 est
382 1878 425 1921 ne
466 1857 601 1921 nimium
644 1857 821 1939 tribuatur,
863 1859 919 1941 qui
960 1879 1001 1920 ne
1043 1856 1167 1941 reliqua
1209 1857 1338 1940 quidem
1380 1862 1527 1922 accurate

291 1964 433 2030 reddidit
463 1967 497 2028 et
526 1963 605 2027 haec
635 1964 732 2028 verba
761 1962 890 2027 inutilia
916 1986 954 2027 ac
980 1986 1131 2048 perversa
1159 1964 1185 2028 si
1214 1964 1278 2028 iem
1308 1963 1438 2049 legebat
1468 1987 1526 2028 sua

293 2076 410 2157 sponte
432 2071 686 2155 praetermittere
709 2071 825 2154 potuit.
864 2068 927 2135 Sed
951 2072 978 2134 si
1008 2092 1044 2134 ea
1071 2071 1152 2135 falsa
1180 2094 1278 2135 manu
1305 2069 1429 2134 adiecta
1456 2092 1525 2134 ease

294 2179 458 2261 volumus,
486 2198 583 2262 quam
611 2178 679 2242 eius
706 2177 919 2242 additamenti
943 2199 1070 2242 causam
1098 2182 1155 2242 cut
1182 2177 1339 2262 originem
1367 2177 1525 2240 dicimus?

298 2284 383 2362 Quae
397 2285 474 2369 quia
487 2282 578 2348 nulla
592 2284 808 2370 cognoscitur,
827 2285 1032 2348 verisimilius
1048 2288 1096 2349 est
1115 2307 1151 2348 ea
1171 2289 1323 2369 corrupta
1341 2306 1410 2349 esse
1429 2306 1525 2367 quam
1540 2314 1567 2352 ιι

302 2391 456 2475 additicia,
483 2412 542 2456 nec
570 2392 716 2476 ineptum
744 2395 793 2454 est
817 2413 967 2474 quaerere
992 2390 1181 2474 ecquidnam
1205 2391 1292 2456 aliud
1315 2391 1451 2455 fortasse
1475 2391 1526 2454 de-

303 2501 426 2582 pravata
451 2498 558 2562 forma
584 2497 767 2561 abscondat,
813 2495 851 2561 Id
878 2497 957 2581 quid
986 2501 1071 2562 esset
1099 2498 1246 2562 Gertzius
1275 2497 1442 2582 indagavit
1470 2497 1526 2581 qui

307 2604 353 2668 vu
372 2610 436 2671 crat
456 2604 565 2670 salvus
592 2603 796 2671 scribendum
825 2605 975 2687 coniecit,
1003 2626 1090 2669 nunc
1118 2605 1257 2689 quidem,
1283 2606 1346 2669 nisi
1375 2605 1526 2688 fallimur,

245 2770 246 2777 ,
309 2732 364 2775 uon
382 2712 468 2777 felici
491 2711 690 2776 divinatione
713 2733 804 2795 usus,
832 2713 986 2795 quoniam
1011 2733 1092 2795 quae
1116 2711 1206 2776 addit
1228 2716 1261 2776 et
1284 2713 1354 2795 ipsa
1377 2733 1526 2796 superva-

314 2837 392 2882 cauca
413 2823 489 2883 sunt
511 2823 544 2882 et
565 2817 727 2903 languida.
764 2816 868 2882 Nobis
892 2841 993 2883 unum
1016 2819 1144 2882 videtur
1166 2839 1232 2882 non
1256 2819 1457 2883 incommode
1485 2818 1526 2881 ad

315 2924 519 3006 perficiendam
543 2926 735 2989 sententiam
753 2925 828 2989 addi
846 2925 1001 3010 potuisse,
1025 2925 1147 2990 scilicet
1165 2926 1298 2990 unicum
1317 2925 1404 2989 hunc
1422 2927 1525 2989 tilium

315 3027 407 3116 base,
433 3054 498 3116 quo
527 3036 656 3097 mortuo
684 3035 776 3116 puter
804 3054 863 3096 suo
892 3033 961 3096 iure
991 3031 1071 3097 alios
1098 3032 1231 3097 heredes
1259 3034 1401 3117 scripsit;
1429 3033 1526 3115 idque

316 3137 379 3201 solet
397 3159 639 3221 nonnumquam
661 3141 696 3203 in
720 3138 881 3203 similibus
909 3160 1059 3222 expresse
1086 3141 1271 3223 memorari,
1298 3138 1387 3203 velut
1410 3139 1485 3220 269,
1504 3139 1525 3203 4

314 3242 396 3323 filiam
417 3265 561 3311 wormac
575 3247 708 3327 pietatis
730 3252 759 3309 ct
779 3266 915 3327 moysae
936 3247 1003 3326 spei
1025 3252 1060 3325 ct,
1083 3267 1163 3328 quoe
1185 3267 1249 3310 non
1265 3268 1372 3329 parua
1395 3246 1526 3310 catomi-

313 3354 372 3418 uto
390 3355 522 3418 aoeesmo
543 3353 616 3434 fuit,
637 3356 765 3418 animm
789 3355 907 3418 amicit.
946 3352 1040 3429 Quod
1063 3356 1090 3418 si
1113 3353 1192 3419 haec
1215 3356 1262 3418 ita
1285 3355 1405 3437 scripta
1432 3358 1524 3418 crant
1537 3382 1565 3422 so

305 3466 381 3540 pater
406 3481 476 3526 cum
504 3461 543 3525 de
569 3466 666 3526 morte
691 3460 755 3543 sitii
779 3460 900 3541 saleim
923 3481 939 3525 e
966 3463 1079 3526 caetris
1105 3463 1253 3525 nuntium
1281 3464 1445 3543 commeat
1471 3464 1526 3542 qui

305 3574 361 3633 erut
384 3570 519 3634 unicus
545 3566 623 3631 aliis
648 3567 810 3633 haedoue
837 3569 964 3649 soiptis
991 3568 1129 3646 decutit,
1163 3567 1243 3632 illud
1271 3590 1399 3651 quoque
1426 3573 1525 3652 patet,

303 3678 492 3740 enuntiatum
520 3676 692 3740 relativum
720 3696 758 3738 eo
785 3673 858 3738 loco
885 3674 1028 3758 positum
1057 3696 1125 3738 esse
1149 3674 1205 3737 ubi
1229 3675 1368 3738 maxime
1392 3674 1431 3739 ad
1456 3677 1529 3739 sen-'

245 3786 290 3847 *u
299 3784 425 3848 tentiam
450 3782 598 3847 faciebat
634 3780 685 3845 Ex
707 3783 820 3845 unico
842 3785 950 3844 autem
973 3781 1077 3862 salsus
1100 3786 1206 3846 ortum
1226 3786 1275 3845 est
1293 3782 1442 3847 videlicet
1459 3805 1526 3846 non

296 3892 483 3974 permutatis
510 3889 629 3954 litteris
657 3886 711 3952 sed
740 3910 846 3954 errore
873 3890 991 3952 mentis
1021 3889 1097 3971 quia
1125 3887 1329 3971 quodmodo
1354 3890 1525 3972 scripserat

290 3997 409 4078 salutm
433 3996 532 4060 etiam
554 3999 625 4059 tum
650 3994 817 4059 scribentis
836 3993 990 4059 haerebat
1008 3997 1043 4060 in
1062 3997 1182 4059 animo:
1208 4017 1271 4078 quo
1291 4017 1407 4078 genere
1427 3998 1521 4060 etiarn

291 4105 323 4168 in
340 4102 468 4169 Valerii
485 4102 579 4168 libris
597 4123 842 4184 nonnumquam
866 4106 1032 4186 peccatum
1058 4106 1106 4166 est
1130 4127 1149 4165 a
1167 4100 1318 4184 librariis,
1340 4101 1429 4165 velut
1449 4102 1525 4183 357,

290 4212 332 4276 24
354 4231 395 4276 a
421 4210 478 4273 boo
503 4208 587 4274 hoste
613 4214 699 4273 tauto
725 4210 798 4273 duci
814 4230 919 4293 poeno
943 4210 1015 4272 duci
1037 4230 1132 4289 quom
1155 4210 1286 4273 victorio
1303 4210 1440 4290 peteuda
1461 4210 1525 4288 fuit

289 4321 448 4403 scripturn
476 4322 526 4380 est
553 4316 587 4380 in
616 4316 725 4379 codice
747 4314 977 4398 Laurentiano,
1005 4335 1077 4378 cum
1105 4314 1307 4379 scribendum
1332 4320 1416 4379 esset
1439 4321 1524 4380 tauto

288 4425 363 4490 daci
379 4444 487 4507 poetro
509 4423 613 4505 mapa
634 4442 729 4503 meam
752 4424 898 4499 cidon&
921 4443 951 4504 p.
972 4421 1025 4505 et,
1044 4420 1064 4484 6
1088 4422 1125 4486 L.
1146 4421 1340 4504 Calpurnius
1359 4422 1436 4487 Piso
1455 4442 1565 4488 cocao

287 4532 351 4611 ul,
380 4550 452 4595 aim
478 4530 516 4593 in
538 4526 653 4593 Sicilia
680 4527 791 4592 beilum
819 4529 968 4592 odiosus
993 4529 1143 4610 stipitibus
1167 4534 1283 4609 peroret
1310 4534 1337 4592 ct
1362 4527 1395 4593 0.
1421 4529 1525 4593 Titius

289 4640 427 4721 equitrcm
457 4636 633 4719 paefatus
662 4635 867 4717 scotticorum
900 4635 1100 4699 multitudine
1130 4636 1264 4700 mettim
1300 4638 1525 4699 circumventus

288 4766 385 4810 mma
406 4745 452 4809 iis
473 4742 663 4819 tradidisset,
687 4740 743 4804 ubi
764 4742 969 4824 fugitivorum
995 4742 1083 4824 quod
1105 4742 1200 4805 nihili
1224 4746 1273 4806 est
1296 4742 1419 4805 librarii
1443 4742 1524 4805 osci·

288 4853 394 4916 tantm
412 4852 492 4934 quia
506 4850 656 4931 supitivoa
674 4848 770 4913 modo
790 4851 961 4932 scripserat
979 4870 1039 4933 pro
1059 4848 1122 4913 alio
1142 4852 1271 4913 nomine
1290 4848 1428 4913 secundo
1449 4870 1524 4912 casu

288 4961 402 5045 posuit
429 4958 498 5022 sive
524 4955 559 5020 id
585 4958 738 5021 morum
766 4956 829 5020 fuit
857 4958 923 5020 sive
951 4955 1060 5020 nescio
1090 4956 1175 5039 quod
1203 4956 1304 5041 aliud,
1332 4979 1362 5039 p.
1382 4955 1461 5038 317,
1480 4953 1523 5017 29

290 5065 436 5131 Cimonis
457 5061 650 5128 inambulet
667 5064 812 5144 opinione
829 5063 980 5127 stultitiae
995 5064 1124 5143 suerunt
1140 5064 1271 5144 referto:
1295 5063 1431 5127 ciusdem
1449 5060 1524 5124 stul·

288 5175 380 5238 tiliae
410 5173 549 5253 imperio
579 5170 738 5235 salutaria
761 5170 964 5233 Athenienses
995 5176 1172 5246 summunt
1205 5171 1341 5233 alterum
1373 5167 1524 5232 stultitiae

288 5278 378 5364 quod
400 5300 536 5363 pravum
560 5280 611 5341 est
633 5280 766 5361 propter
788 5277 987 5340 vicinitatem
1011 5276 1151 5340 eiusdem
1175 5274 1324 5339 vocabuli
1342 5275 1382 5337 ab
1403 5274 1522 5358 incogi-

288 5387 374 5452 tanti
395 5385 530 5451 librario
554 5383 710 5467 scriptum
734 5386 784 5446 est
805 5404 865 5467 pro
889 5381 952 5446 alio
971 5384 1111 5466 nomine,
1134 5381 1222 5445 velut
1241 5380 1466 5445 odrdescenticc
1485 5379 1523 5441 de

1258 5484 1308 5539 10*
