3925 6675
715 1134 777 1210 ¹oa
796 1134 979 1185 suaremm
997 1134 1178 1187 annonae.
1529 1136 1573 1200 59

334 1298 425 1357 stum
454 1294 602 1358 videatur
624 1294 798 1376 adiectum,
826 1295 980 1379 quivero
1004 1297 1092 1378 ἅλις,
1120 1298 1194 1374 ἅλις
1217 1292 1295 1383 γάρ,
1319 1298 1392 1376 ἅλις
1415 1299 1455 1364 de'
1476 1322 1573 1384 quam

335 1401 490 1485 frequens
514 1402 557 1464 sit
575 1402 610 1465 in
627 1423 688 1465 nsu
706 1401 881 1486 Euripideo
902 1403 1174 1488 circumspexerit,
1197 1405 1232 1468 in
1250 1403 1311 1469 hac
1330 1407 1489 1470 sententia
1507 1429 1573 1471 non

294 1513 318 1568 9
338 1506 505 1571 dubitabit
527 1509 616 1590 quin,
639 1511 667 1573 si
690 1509 768 1593 quid
791 1508 887 1592 aliud,
910 1508 973 1573 hoc
996 1511 1038 1574 sit
1057 1511 1280 1576 certissimum.
1318 1511 1389 1577 Hoc
1408 1513 1508 1599 igitur
1527 1537 1574 1578 re·

334 1615 521 1698 linquentes
549 1615 603 1679 alii
633 1638 672 1679 ex
701 1617 818 1681 ἱκανόν
845 1617 912 1700 peti
940 1618 1135 1700 maluerunt,
1163 1619 1249 1701 qnod
1277 1619 1381 1683 oratio
1408 1621 1573 1705 reciperet,

335 1723 427 1787 velut
450 1721 576 1808 collega
599 1727 717 1806 noster,
740 1722 910 1807 Adolphns
929 1722 1160 1806 Kirchhoffius,
1183 1724 1243 1790 hos
1265 1725 1346 1791 duos
1366 1748 1473 1791 versus
1492 1729 1574 1792 anti-

335 1830 449 1914 quitus
472 1829 556 1894 hanc
579 1830 645 1894 fere
668 1831 806 1914 speciem
829 1828 979 1895 habuisse
1004 1832 1185 1916 suspicatus
1209 1836 1258 1897 est
1281 1831 1359 1897 olim

544 1936 670 2019 ἄρηξον
693 1935 800 2021 [ἐλθὲ
824 1938 888 2001 καὶ
912 1937 1017 2021 σκιὰ]
1041 1940 1177 2022 φάνηθί
1196 1960 1267 2023 μοι·

544 2044 617 2120 ἃλις
640 2043 677 2126 γ’
699 2042 741 2107 ἂν
765 2043 895 2109 ἐλθὼν
917 2043 980 2109 καὶ
1005 2049 1093 2110 σκιὰ
1118 2045 1228 2128 γένοιο
1252 2047 1310 2130 σύ,

333 2150 540 2236 corruptelae
567 2171 683 2236 genere
710 2173 787 2215 usus
815 2151 901 2234 quod
929 2152 980 2215 vel
1007 2154 1041 2216 in
1069 2152 1129 2216 hac
1157 2153 1267 2218 fabula
1295 2156 1451 2237 quaedam
1475 2155 1574 2221 habet

333 2257 494 2343 exempla,
516 2257 606 2322 velut
631 2257 773 2341 1303sq.
1589 2287 1615 2328 ιο

544 2365 707 2449 χορευέτω
731 2366 773 2447 di]
797 2367 924 2449 Ζηνὸς
950 2366 967 2447 η
992 2368 1104 2449 κλεινὴ
1129 2368 1237 2452 δάμαρ

543 2470 699 2554 κρούονσ’
721 2469 890 2555 Ὀλύμπου
914 2473 1069 2557 [Ζηνὸς]
1094 2473 1221 2559 ἀρβύλῃ
1245 2474 1359 2555 rre'dov,

336 2579 424 2643 1101
436 2601 483 2663 sq.
547 2580 588 2644 ού
611 2602 678 2643 πον
700 2585 871 2662 κατῆλθον
894 2576 996 2656 αὖθις
1019 2582 1075 2656 εἰς
1090 2579 1219 2645 Ἅιδου
1242 2583 1344 2647 πάλιν

545 2685 749 2768 Εὐρυσθέως
773 2687 913 2751 δίαυλον
937 2687 1008 2769 [εἰς
1024 2683 1175 2771 Ἅιδου]
1199 2689 1321 2773 μολών,

332 2793 534 2876 c12845sq.,
562 2793 625 2856 nisi
649 2792 735 2876 quod
759 2815 843 2857 nunc
867 2816 962 2876 quam
987 2794 1060 2858 iniit
1084 2796 1180 2877 paulo
1204 2795 1409 2861 artificiosior
1432 2803 1481 2862 est
1506 2820 1573 2864 cor-

334 2899 463 2988 rigendi
491 2899 575 2964 ratio
603 2921 662 2963 neo
689 2901 767 2964 satis
795 2899 973 2984 probabilis
1003 2901 1044 2964 ob
1073 2923 1142 2965 eam
1172 2923 1299 2967 caueam
1329 2904 1404 2986 quia
1431 2906 1573 2988 priorem

332 3030 465 3073 versum
484 3029 525 3072 ex
543 3008 670 3092 integro
689 3029 837 3071 mancum
857 3008 966 3091 efficit,
989 3014 1026 3072 ut
1045 3008 1161 3073 habeat
1180 3031 1244 3093 quo
1264 3010 1401 3075 alterum
1418 3013 1573 3083 emendet.

333 3115 442 3192 Quare
475 3113 608 3178 eandem
641 3115 826 3197 ceteroquin
859 3116 944 3179 viam
977 3120 1106 3180 secutus
1130 3114 1400 3182 Wilamowitzins
1432 3120 1573 3202 priorem

334 3243 464 3286 versum
497 3242 564 3285 non
591 3220 740 3303 mutavit,
773 3241 812 3284 ex
844 3223 913 3285 solo
948 3223 1064 3286 ἱκανόν
1096 3223 1335 3289 extundendum
1367 3229 1456 3289 ratus
1486 3227 1572 3310 quod

332 3329 529 3395 sententiam
567 3327 726 3411 expleret:
764 3328 900 3393 similem
934 3329 1035 3415 igitur
1066 3329 1114 3395 illi
1147 3331 1324 3397 orationem
1357 3331 1463 3397 effecit
1496 3333 1572 3397 scri·
1586 3357 1613 3397 ao

333 3437 442 3501 bendo

543 3544 681 3627 ἄρηξον,
705 3539 784 3608 ἐλθὲ
808 3542 862 3607 καὶ
888 3545 979 3627 σκιά,
1004 3546 1137 3629 φάνηθί
1158 3566 1227 3628 μοι·

543 3651 616 3727 ἅλις
638 3651 702 3734 γὰρ
726 3648 838 3715 ἐλθὼν
860 3650 924 3714 κᾶν
946 3652 1028 3735 ὄναρ
1054 3651 1165 3734 γένοιο
1190 3653 1248 3732 σύ,

331 3758 423 3841 quod
450 3760 485 3821 in
512 3757 677 3821 Analectis
700 3755 884 3841 Euripideis
908 3756 949 3841 (a.
971 3756 1072 3843 1875)
1091 3782 1122 3843 p.
1137 3758 1203 3823 234
1231 3761 1436 3844 propositum
1464 3763 1570 3825 tenuit

332 3865 488 3948 deinceps
511 3864 546 3928 in
569 3868 705 3947 utraque
728 3886 825 3947 quam
848 3865 972 3947 pararit
997 3869 1028 3928 et
1048 3868 1175 3929 ornavit
1193 3867 1333 3931 editione
1353 3866 1517 3952 Herculis,
1540 3873 1573 3932 et

334 3970 537 4056 splendidam
559 3970 749 4034 emendandi
766 3969 956 4036 facilitatem
974 3971 1068 4036 valde
1086 3971 1263 4056 laudamus,
1287 3995 1347 4039 nec
1365 3972 1571 4040 Wecklinum

333 4078 558 4164 intelligimus,
581 4079 615 4141 in
639 4100 763 4142 summa
785 4078 832 4141 rei
856 4078 1038 4142 adsentiens
1062 4100 1119 4143 cur
1136 4079 1212 4144 hnic
1230 4080 1312 4145 illud
1330 4079 1442 4145 ἐλθὼν
1461 4082 1572 4165 κῶναρ

333 4184 378 4249 ἂν
395 4208 425 4266 y.
448 4184 694 4269 praeferendum
717 4184 853 4249 duxerit.
894 4183 1164 4251 Wilamowitzius
1188 4190 1293 4251 autam
1318 4210 1337 4251 a
1360 4210 1394 4252 se
1418 4186 1572 4271 scriptum

334 4290 399 4356 κᾶν
426 4294 509 4374 ὄναρ
533 4313 600 4355 non
622 4291 737 4356 leviter
759 4292 933 4355 sustentari
957 4292 1174 4357 arbitrabatur
1197 4294 1237 4358 iia
1262 4317 1343 4378 quae
1364 4294 1572 4380 Amphitryo,

335 4419 431 4481 quem
456 4398 570 4477 soluit,
592 4398 680 4462 illiue
702 4399 879 4463 sententiae
902 4420 1026 4463 memor
1048 4399 1167 4463 diceret
1190 4424 1219 4465 v.
1238 4400 1302 4465 517
1324 4403 1355 4466 ai
1371 4404 1415 4486 μή
1435 4399 1464 4483 γ’
1488 4403 1571 4467 ὅνει-
1585 4425 1612 4467 eo

336 4528 398 4586 ρον
425 4502 464 4569 ἐν
491 4505 570 4587 φύει
598 4529 630 4569 τι
658 4506 849 4586 λεύσσομεν.
890 4504 961 4570 Nos
989 4510 1162 4590 utrumque
1188 4507 1413 4573 addubitamus
1437 4508 1572 4574 ethaeo

337 4610 607 4696 Amphitryonem
635 4633 703 4676 essa
731 4612 787 4695 qni
815 4612 914 4696 dicat,
942 4617 974 4677 et
1002 4613 1030 4676 si
1058 4614 1114 4696 sit,
1143 4614 1215 4679 inde
1243 4616 1366 4699 aliquid
1393 4616 1572 4680 redundare

337 4739 401 4801 quo
429 4718 469 4782 ad
497 4718 721 4782 stabiliendam
749 4719 837 4783 illius
861 4741 972 4783 versus
996 4718 1132 4785 formam
1156 4724 1254 4786 utare.
1297 4721 1427 4787 Etenim
1452 4727 1488 4785 ut
1510 4722 1573 4785 hoc

339 4824 371 4888 in
379 4831 566 4889 transcursu
578 4846 720 4909 agamus,
730 4846 811 4908 quos
821 4848 932 4890 verene
941 4825 1209 4892 Wilamowitzins
1220 4828 1422 4893 Kirchhoflio
1433 4832 1572 4908 auctore,

339 4931 393 5015 qui
412 4936 521 4995 tamen
539 4932 608 5016 ipse
626 4937 739 5016 postea
758 4933 796 4996 de
815 4955 873 4997 aua
892 4933 1043 5017 opinione
1063 4934 1205 5020 descivit,
1225 4936 1294 4999 sine
1313 4934 1432 5000 codicis
1452 4934 1571 4999 indicio

341 5038 422 5103 inter
444 5037 608 5124 Megaram
633 5044 665 5103 et
688 5038 959 5123 Amphitryonem
984 5039 1149 5106 distribuit
1172 5041 1350 5107 516-519

500 5148 545 5211 Μ.
579 5142 770 5229 ὧπρέσβο,
793 5148 920 5211 λεύσσω
944 5147 1030 5231 τάμὰ
1053 5146 1196 5231 φίλτατ’,
1220 5147 1240 5231 ἣ
1264 5153 1299 5213 τί
1319 5161 1386 5232 φῶς

504 5258 544 5316 A.
577 5252 638 5317 οὐκ
662 5246 753 5335 οἶδα,
776 5255 938 5335 θύγατερ·
962 5254 1091 5338 ἀφασία
1114 5252 1150 5320 dt
1174 5254 1247 5339 κᾶμ’
1276 5252 1352 5339 ἔχει.
1411 5327 1414 5332 .

384 5358 449 5423 516
495 5363 543 5423 Μ.
575 5358 624 5425 ὅδ’
652 5358 743 5425 ἐστὶν
767 5359 807 5425 ὃν
830 5371 890 5444 γης
913 5358 1037 5444 νέρθεν
1061 5361 1285 5444 εἰσηκούομεν.
