3925 6675
532 1105 584 1154 DE
601 1104 700 1156 VOCE
718 1104 983 1158 CONTROVERSA
1002 1107 1039 1157 IN
1059 1107 1236 1159 PLATONIS
1254 1108 1461 1160 PHAEDONE.
1548 1107 1614 1172 209

374 1263 439 1330 hoc
471 1270 523 1329 est
548 1270 660 1332 nostro
687 1287 833 1332 sermone
859 1267 938 1332 otene
963 1274 1058 1334 eticae
1084 1269 1312 1347 cuscurichten,
1344 1268 1395 1333 vel
1422 1270 1501 1335 haec
1528 1269 1615 1352 ἀμι-

377 1374 509 1455 μήτως
531 1369 656 1456 ἔγραψε
678 1396 776 1459 prave
799 1374 943 1440 crederes
966 1395 1036 1438 esse
1058 1376 1244 1440 inimitabili
1267 1377 1365 1460 modo,
1389 1376 1444 1441 sed
1463 1383 1512 1442 est
1531 1378 1614 1443 ἄνευ

375 1481 547 1562 μιμήσεως
578 1476 732 1566 ἔγραψεν.
772 1481 818 1545 Et
849 1480 912 1547 hoc
944 1481 1028 1546 idem
1059 1481 1207 1567 plurimis
1240 1483 1394 1566 exemplis
1422 1504 1614 1569 cognoscere

376 1583 464 1669 licet,
483 1607 624 1670 quorum
642 1608 745 1672 pauca
762 1588 885 1673 offerre,
908 1593 1033 1654 tantum
1052 1594 1089 1653 ut
1108 1610 1209 1675 genus
1229 1589 1335 1673 ipsum
1355 1589 1508 1675 loquendi
1527 1613 1615 1675 aper·

378 1692 443 1755 tius
468 1692 659 1780 declaretur,
681 1694 716 1758 in
737 1699 849 1759 nostra
871 1716 968 1760 cause
992 1695 1106 1760 inutile
1128 1718 1193 1760 non
1217 1696 1286 1761 erit.

514 1802 559 1885 μή
586 1825 637 1878 τις
663 1800 847 1879 ἀσκέπτους
874 1801 959 1885 ἡμᾶς
986 1804 1085 1880 ὄντας
1111 1806 1288 1889 θορυβήσῃ
1316 1803 1408 1869 Plato
1438 1808 1615 1882 Πολιτείας

604 1925 640 1971 rv
658 1931 689 1993 p.
713 1908 790 1992 199,
811 1909 853 1973 12
866 1908 967 1973 Beki.

514 2013 683 2092 ἀσκέπτως
710 2011 796 2100 ἔχων
818 2025 879 2081 τοῦ
902 2016 1077 2100 ἀμείνονός
1099 2041 1134 2082 τε
1157 2015 1212 2082 καὶ
1235 2027 1295 2083 τοῦ
1320 2021 1470 2103 χείρονος
1494 2017 1615 2106 Gorgia

605 2123 746 2207 119,14

513 2227 620 2306 οὕτως
643 2228 827 2312 ἀλογίστως
849 2229 904 2295 καὶ
928 2229 1096 2309 ἀσκέπτως
1113 2230 1167 2296 καὶ
1188 2232 1319 2316 εὐήθως
1337 2234 1391 2298 καὶ
1411 2232 1615 2317 ἀδιανοήτως
1629 2258 1655 2298 ιο

603 2336 776 2402 διάκεισθε
798 2337 898 2422 Hipp.
917 2338 990 2403 mai.
1009 2338 1088 2422 453,
1109 2339 1151 2403 12

514 2443 645 2524 ἄπειροι
678 2444 716 2509 δὲ
747 2443 802 2508 καὶ
830 2444 966 2530 ἀόρατοι
994 2447 1118 2522 παντὸς
1144 2454 1248 2510 κακοῦ
1275 2445 1431 2531 Polybius
1459 2464 1484 2510 11
1504 2447 1560 2530 21,
1579 2447 1614 2524 2;

595 2550 782 2633 ιιι108,6

513 2655 661 2739 πολέμου
675 2656 730 2722 καὶ
745 2657 869 2742 ἀγορᾶς
883 2659 1014 2746 ἀθεάτῳ
1029 2661 1066 2725 τὸ
1080 2661 1238 2742 παράπαν
1251 2658 1315 2724 Dio
1331 2658 1495 2743 Chrysost.
1507 2662 1538 2742 4,
1552 2661 1614 2726 113

699 2757 755 2829 καὶ
777 2764 988 2850 προσηύξατο

513 2869 697 2948 ἄκλαυστος
715 2870 913 2949 ἀστένακτος
932 2872 1077 2957 Euripid.
1097 2872 1216 2937 Alcest.
1234 2872 1296 2937 173
1312 2873 1342 2937 h.
1357 2895 1382 2937 e.
1401 2875 1470 2938 sirie
1487 2874 1614 2958 νίαίαία,

599 2980 669 3042 eine
688 2981 821 3062 cernitm
846 2980 928 3044 conf.
951 2980 1097 3064 ἄδακρύς
1120 3003 1154 3044 τε
1177 2980 1231 3044 καλ
1255 2977 1454 3056 ἀστένακτος
1477 2979 1614 3064 Dionys·

603 3083 706 3151 Halic.
725 3086 787 3150 v8
1409 3077 1410 3082 ἵ

698 3195 742 3257 σὺ
765 3191 795 3258 δ’
823 3193 884 3258 οὐκ
907 3191 959 3278 ἄρ’
988 3190 1120 3278 ἔμελλες
1143 3195 1289 3269 ἄπυστος

513 3299 574 3383 δήν
597 3301 710 3382 ἔμεναι
734 3298 919 3367 Callimach.
938 3301 969 3383 4,
989 3300 1054 3365 215
1627 3327 1654 3367 ιο

696 3408 778 3472 ὅσον
801 3406 831 3472 δ’
858 3405 912 3473 ἐπὶ
935 3407 1072 3493 δέρματι
1094 3417 1222 3493 μοῦνον

511 3514 660 3597 νηδυίων
682 3516 853 3591 ἄψαυστος
875 3515 942 3581 ὑπὸ
965 3517 1073 3599 ζώνην
1095 3518 1178 3598 θόρε
1197 3518 1317 3600 χαλκός
1335 3514 1486 3601 Apollon.
1506 3515 1602 3580 Rhod

597 3619 719 3707 Argon.
739 3639 765 3685 11
787 3622 850 3686 113
873 3622 905 3687 h.
924 3645 949 3687 e.
975 3622 1059 3687 ὥστε
1082 3633 1150 3687 τῶν
1173 3620 1396 3688 ἐντοσθιδίων
1419 3624 1462 3707 μὴ
1486 3632 1612 3700 ψαῦσαι

598 3727 698 3793 schol.

408 3819 502 3898 Quibus
528 3840 671 3901 extremo
699 3835 772 3902 loco
801 3836 970 3900 adiicimus
1000 3858 1080 3920 quae
1110 3836 1189 3902 dicit
1212 3836 1336 3901 Taurus
1364 3836 1450 3920 apud
1474 3833 1612 3900 Gellium
1706 3823 1708 3828 ’

408 3924 436 3995 Ν.
449 3935 479 4001 A.
497 3942 556 4026 19,
575 3943 596 4008 8
615 3944 670 4007 isti
687 3944 743 4025 ηαί
761 3950 881 4025 repente
893 3944 1028 4025 μιάιθαο
1045 3944 1153 4009 intotis
1171 3946 1215 4008 cd
1227 3943 1427 4026 philosophos
1444 3943 1611 4021 devertunt,

406 4055 451 4105 ”tt
467 4055 505 4114 ot
525 4050 581 4114 hoc
603 4052 691 4132 sutis,
714 4051 797 4132 quod
817 4057 891 4115 stent
913 4052 1040 4115 ουιιιίαο
1064 4049 1267 4133 ἀθεώρητοι,
1291 4052 1446 4133 ἄμουσοι,
1470 4049 1611 4133 ἀνιωμέ-

406 4166 498 4233 terroe
533 4155 586 4221 Ad
604 4156 721 4222 horum
740 4157 841 4242 igitur
860 4156 1104 4221 similitudinem
1123 4156 1180 4221 illa
1198 4178 1279 4239 quae
1299 4157 1417 4240 scripta
1435 4160 1510 4220 runt
1524 4157 1610 4241 apud

404 4247 584 4328 Plutarchum
604 4263 687 4329 ἀλλὰ
707 4274 837 4329 σιωπᾶν
855 4264 1005 4348 ἀρρήτως
1023 4265 1050 4327 si
1069 4264 1326 4348 interpretamur,
1345 4267 1478 4347 apparet
1493 4285 1530 4327 ea
1543 4286 1609 4329 non

402 4357 493 4433 distare
523 4370 574 4435 vel
607 4370 647 4435 ab
679 4370 732 4435 his
765 4393 846 4455 quae
875 4369 993 4435 Graece
1023 4370 1086 4435 dici
1113 4374 1263 4455 poterant
1291 4379 1419 4434 σιωπᾶν
1447 4371 1606 4451 ἄναυδον,
1621 4395 1648 4435 so

401 4483 503 4541 ccxcv
524 4476 678 4560 ἀφώνως,
697 4479 748 4543 vel
767 4500 786 4541 a
804 4482 916 4543 nostro
936 4499 1025 4541 more
1043 4477 1120 4543 tube
1136 4477 1339 4560 ρωάιινίορωι
1358 4476 1491 4542 cicccc
1509 4479 1610 4559 recten,

399 4582 539 4667 cauus,
562 4588 600 4648 ut
622 4583 706 4647 nihil
729 4586 771 4648 sit
795 4585 881 4668 quod
905 4584 983 4648 haec
1006 4584 1159 4667 loquendi
1184 4584 1265 4647 ratio
1289 4582 1432 4647 rideatur
1450 4588 1507 4647 aut
1526 4585 1610 4648 vitu·

319 4683 321 4708 ;
399 4693 516 4774 peretur,
552 4712 635 4776 quae
672 4695 792 4755 certam
825 4689 939 4756 Graeci
971 4692 1129 4755 sermonis
1163 4690 1425 4755 consuetudinem
1459 4694 1608 4754 sectatur.

398 4782 487 4878 Neque
519 4798 624 4884 magis
656 4798 853 4862 abundantia
886 4798 1043 4863 orationis
1073 4797 1230 4882 culpanda
1259 4801 1320 4879 est,
1353 4819 1434 4881 quae
1463 4803 1495 4861 et
1524 4819 1609 4861 nunc

398 4913 468 4965 tuam
492 4905 558 4969 vim
586 4904 684 4969 habet
711 4909 744 4969 et
771 4928 789 4968 a
813 4903 1008 4970 Graecorum
1036 4926 1124 4969 more
1152 4905 1284 4968 minime
1315 4903 1419 4968 cliens
1442 4909 1503 4968 est:
1532 4913 1608 4987 σιγή

396 5007 529 5089 πήξεων
556 5012 686 5095 ἄφωνοι
714 5012 760 5077 ait
789 5010 965 5096 Sophocles
995 5013 1028 5076 in
1054 5011 1152 5076 Aiace
1176 5010 1285 5097 (171),
1314 5010 1398 5075 idem
1426 5012 1460 5074 in
1484 5009 1607 5092 Oedipo

397 5105 859 5203 commmemoratione&
882 5118 1048 5204 ἀδέρκτως
1068 5118 1210 5202 ἀφώνως
1229 5118 1357 5201 ἀλόγως
1375 5120 1412 5182 τὸ
1432 5126 1489 5192 τᾶς
1508 5116 1607 5198 εὐφή-

393 5242 444 5299 μου
464 5228 565 5312 στόμα
590 5227 770 5311 φροντίδος
794 5226 909 5310 ίέντες,
933 5248 1013 5311 quae
1038 5247 1103 5289 non
1126 5247 1191 5290 uno
1215 5224 1460 5309 nominedigne
1480 5223 1607 5285 suntin

319 5372 320 5376 =
393 5322 441 5395 hac
464 5331 668 5418 disceptanda
695 5336 914 5399 controversia
941 5355 1023 5418 quac
1052 5333 1268 5398 attendantur.
1305 5329 1417 5414 Neque
1443 5328 1607 5415 astrictius

434 5444 719 5498 nummum
1357 5439 1389 5486 14
