3925 6675
399 1091 465 1154 372
645 1095 691 1145 LI.
711 1095 826 1145 rumex
844 1093 1059 1146 aucmouou
1077 1093 1308 1145 aasumensi
1329 1093 1407 1145 ιοοο.

558 1259 656 1320 ΙΩΝ.
688 1256 758 1320 Ναί
781 1257 825 1339 μὰ
848 1256 908 1320 τὸν
930 1257 1013 1338 Δία,
1039 1252 1065 1321 ὦ
1091 1256 1276 1338 Σώκρατες,
1298 1252 1415 1339 ἔγωγε·
1439 1256 1542 1338 χαίρω
1566 1255 1630 1338 γὰρ

688 1363 821 1429 ἀκούων
843 1362 953 1444 ὑμῶν
973 1373 1051 1428 τῶν
1075 1373 1217 1446 σοφῶν.

581 1473 656 1534 m.
688 1475 881 1554 Βουλοίμην
904 1471 949 1535 ἄν
972 1486 1009 1535 σε
1032 1469 1141 1553 ἀληθῆ
1167 1469 1286 1552 λέγειν,
1311 1462 1444 1534 ὦἼων·
1468 1467 1553 1534 ἀλλὰ
1576 1484 1631 1534 σο-

689 1576 749 1662 φοί
776 1575 838 1658 μέν
865 1578 931 1642 πού
959 1576 1032 1642 ἐστε
1055 1577 1167 1661 ὑμεῖς
1190 1577 1231 1642 οί
1251 1576 1427 1664 ῥαψῳδοί
1451 1576 1513 1640 καί
1536 1575 1631 1640 ὑπο-

687 1682 819 1766 κριταὶ
849 1682 904 1748 καὶ
928 1677 976 1748 ὧν
1002 1683 1093 1766 ὑμεῖς
1116 1682 1211 1769 ᾄδετε
1234 1684 1275 1748 τὰ
1297 1685 1477 1767 ποιήματα,
1505 1680 1570 1764 ἐγὼ
1594 1678 1631 1746 δὲ

689 1790 790 1855 οὐδὲν
822 1792 903 1856 ἄλλο
936 1790 956 1874 ἣ
984 1789 1135 1874 τάληθῆ
1165 1789 1249 1872 λέγω
1278 1779 1351 1854 οίον
1379 1791 1466 1865 είκὸς
1494 1789 1633 1871 ἰδιώτην

689 1899 881 1981 ἄνθρωπον.

398 2003 517 2068 Totum
544 2025 646 2088 paene
674 2025 800 2068 comma
827 2003 1054 2088 adscripsimus
1083 2005 1159 2087 quia
1186 2005 1220 2069 iu
1245 2001 1296 2068 his
1320 2024 1450 2088 quoque
1472 2005 1521 2067 ost
1544 2001 1631 2087 quod

399 2111 444 2187 ὡς
471 2112 639 2196 πάρεργον
666 2110 749 2176 ὁδοῦ
777 2111 950 2198 profligare
973 2113 1133 2196 cupimus:
1163 2131 1246 2194 quae
1269 2110 1355 2175 enim
1379 2108 1528 2176 Socrates
1552 2109 1632 2174 dicit

359 2245 385 2286 ιο
399 2215 500 2283 οὐδὲν
522 2219 604 2282 ἄλλο
626 2216 647 2301 ἣ
669 2217 798 2302 τάληθῆ
817 2217 902 2300 λέγω
920 2219 1030 2302 inepta
1048 2239 1116 2283 esse
1135 2217 1313 2282 iudicantes
1332 2215 1515 2303 Madvigius
1534 2213 1631 2303 (lov.

399 2326 468 2390 crit.
483 2323 589 2410 1415)
603 2324 624 2409 ἢ
638 2326 678 2389 τὰ
691 2326 805 2408 πλήθη
821 2326 927 2407 ‘paam
940 2325 1071 2408 vulfflc',
1084 2324 1284 2410 probabilius
1299 2322 1508 2407 Schanziusl
1524 2323 1631 2406 εὐήθη

398 2431 638 2497 rescribendum
668 2435 915 2516 proposuerunt.
953 2429 1016 2495 Sed
1044 2453 1081 2496 ea
1108 2431 1206 2496 verba
1231 2431 1326 2496 nobie
1350 2431 1384 2495 in
1406 2431 1539 2496 eandem
1563 2451 1631 2496 sen-

398 2539 532 2602 tentiam
556 2537 620 2603 dici
642 2537 806 2621 videntur,
830 2560 926 2622 quam
949 2537 1048 2623 Hipp.
1067 2539 1140 2602 mai.
1158 2539 1204 2625 (p.
1227 2537 1353 2623 11,15)
1375 2536 1427 2602 his
1450 2537 1556 2602 verbis
1579 2557 1631 2602 ex-

400 2644 519 2729 pressit
540 2647 693 2721 τοιοῦτός
714 2669 774 2727 τις,
797 2644 839 2710 οὐ
861 2646 988 2729 κομψὸς
1009 2643 1092 2709 ἀλλὰ
1112 2647 1284 2727 συρφετός,
1307 2639 1410 2710 οὐδὲν
1427 2645 1509 2710 ἄλλο
1528 2666 1631 2728 φρον-

398 2752 496 2830 τίζων
518 2749 538 2835 ἦ
562 2752 599 2816 τὸ
622 2750 755 2834 ἀληθές.
792 2749 839 2817 Ut
860 2750 1037 2837 intelligas,
1060 2749 1225 2816 Socratem
1248 2751 1427 2836 simplicem
1449 2749 1632 2836 nudamque

399 2859 567 2924 veritatem
595 2857 686 2924 nullo
714 2859 790 2923 fuco
813 2863 870 2923 aut
892 2858 1001 2922 fallaci
1024 2859 1130 2942 specie
1152 2858 1298 2924 indutam
1322 2857 1438 2942 dicere,
1466 2857 1554 2942 quali
1577 2856 1632 2922 ho·

399 2965 501 3030 mines
530 2965 568 3029 de
596 2965 690 3050 plebe
718 2968 868 3048 utuntur,
895 2986 976 3049 quos
1005 2968 1175 3050 συρφετόν
1200 2964 1342 3050 appellat
1365 2969 1398 3030 et
1420 2964 1482 3030 hoc
1504 2963 1577 3030 loco
1601 2967 1634 3030 et

400 3073 435 3136 in
453 3071 630 3136 Theaeteto
649 3071 694 3158 (p.
712 3071 762 3154 15,
778 3070 834 3158 14)
858 3080 957 3138 τοῦτο
980 3073 1073 3156 ἡμῖν
1095 3068 1156 3156 μὲν
1178 3070 1312 3158 ηἠνίξατο
1331 3079 1380 3160 τῷ
1395 3077 1525 3160 πολλῷ
1540 3089 1633 3155 ουρ-

400 3188 514 3266 φετῷ,
542 3189 612 3255 τοῖς
635 3175 672 3244 δὲ
694 3185 859 3262 μαθηταῖς
881 3177 920 3244 ἐν
942 3178 1117 3267 ἀπορρήτῳ
1140 3180 1202 3262 τὴν
1225 3178 1388 3263 ἀληθειαν
1410 3175 1532 3260 ἔλεγεν.
1570 3175 1632 3242 Sed

359 3313 386 3353 ro
400 3284 487 3371 quod
510 3287 605 3351 istam
629 3286 807 3352 orationem
826 3285 943 3351 attinet
961 3307 1057 3370 quem
1076 3286 1301 3372 disceptamus,
1323 3307 1417 3351 nemo
1437 3286 1499 3351 erit
1517 3285 1574 3371 qui
1592 3285 1633 3353 ad

399 3393 494 3478 ὑμεῖς
522 3393 646 3458 adiecta
668 3395 801 3458 nomina
823 3394 856 3457 ol
879 3393 1029 3481 ῥαψῳδοί
1052 3392 1107 3458 καὶ
1130 3393 1311 3476 ὑποκριταί
1330 3392 1425 3459 avelli
1449 3394 1541 3475 velit,
1567 3414 1634 3459 non

400 3501 503 3585 magis
527 3521 624 3583 quam
646 3499 746 3565 iniis
769 3521 851 3584 quae
873 3502 1019 3583 proxime
1041 3500 1237 3584 praecedunt
1260 3499 1299 3565 ad
1322 3499 1418 3584 ὑμῶν
1440 3499 1549 3565 addita
1566 3510 1634 3565 τῶν

400 3617 527 3689 σοφῶν.
560 3604 684 3682 Quibus
707 3608 839 3672 tertium
863 3607 960 3672 addas
984 3600 1632 3693 Ιίοολ(μ.60,17)οὐτοῦνὺμελςαῦολ

399 3710 551 3799 ῥαψῳδοὶ
569 3714 610 3777 τὰ
628 3723 696 3778 τῶν
714 3724 861 3797 ποιητῶν
881 3712 1084 3798 ἕρμηνεύετε.
1117 3713 1205 3791 Quae
1221 3714 1329 3779 omnia
1343 3714 1371 3779 si
1386 3714 1519 3779 eandem
1534 3714 1633 3779 mani-

399 3818 483 3884 festo
503 3820 670 3904 scriptoris
689 3842 820 3887 manum
839 3844 916 3905 praa
934 3844 968 3887 se
986 3821 1102 3903 ferunt,
1120 3826 1229 3887 tamen
1243 3820 1441 3885 affirmamus
1455 3843 1485 3905 p.
1497 3820 1540 3885 53
1553 3822 1633 3897 τοὺς

400 3926 580 4014 §captoria
602 3948 672 3993 esse
695 3927 940 4012 exstirpandos?
977 3926 1041 3993 Sed
1065 3928 1151 4012 quod
1175 3951 1272 4011 supra
1295 3928 1436 3993 diximus
1454 3948 1632 4013 pronomen

399 4034 434 4098 in
460 4033 524 4099 hoc
550 4056 667 4121 genere
693 4034 821 4099 facilius
849 4057 947 4119 quam
973 4056 1091 4100 nomen
1119 4034 1302 4119 pronomini
1329 4034 1488 4099 adiectum
1513 4032 1633 4099 deside-

398 4141 464 4205 rari
490 4163 599 4227 posse,
628 4141 661 4205 id
689 4163 761 4207 oum
789 4143 824 4205 in
851 4142 915 4207 elia
942 4146 1012 4206 tum
1040 4142 1074 4206 in
1101 4140 1180 4205 haec
1208 4142 1346 4207 maxime
1371 4140 1484 4207 cadero
1505 4140 1635 4206 videtur

401 4268 482 4331 quae
505 4249 540 4313 in
564 4248 672 4313 cadem
696 4247 736 4313 de
758 4246 928 4333 rhapsodie
951 4247 1171 4333 disputatione
1194 4246 1239 4333 (p.
1259 4248 1311 4333 61,
1330 4246 1389 4334 20)
1413 4246 1564 4313 dicuntum

360 4381 388 4422 so
562 4347 665 4419 οίσθα
694 4350 757 4420 οὖν
784 4354 836 4419 ὅτι
864 4349 963 4431 οὗτός
991 4354 1082 4419 ἐστιν
1109 4352 1127 4419 ὁ
1155 4356 1278 4438 θεατὴς
1305 4365 1373 4419 τῶν
1400 4356 1589 4421 δακτυλίων
1615 4355 1633 4422 ὁ

559 4457 710 4544 ἔσχατος,
743 4454 791 4525 ὧν
818 4459 883 4543 ἐγὼ
910 4458 1028 4543 ἔλεγον
1054 4461 1119 4526 ὑπὸ
1147 4470 1205 4545 τῆς
1227 4460 1504 4545 Ἡρακλειώτιδος
1531 4463 1634 4529 λίθον

561 4564 615 4630 ἀπ’
644 4566 797 4651 ἀλλήλων
818 4568 880 4651 την
903 4569 1049 4653 δύναμιν
1072 4568 1268 4652 λαμβάνειν,
1297 4568 1316 4635 ὁ
1340 4568 1382 4634 δὲ
1404 4568 1522 4653 μέσος
1545 4571 1592 4633 σὺ
1614 4568 1686 4635 blo

561 4673 743 4762 ῥαψῳδὸς
761 4672 824 4738 καὶ
841 4672 1075 4760 ὑποκριτής,
1094 4673 1112 4739 ὁ
1131 4673 1169 4738 δὲ
1186 4684 1315 4757 πρῶτος
1334 4674 1433 4751 αὐτὸς
1451 4674 1470 4739 ὁ
1487 4676 1635 4759 ποιητής,

561 4779 579 4846 ὁ
607 4777 645 4846 δὲ
672 4782 752 4857 θεὸς
775 4781 832 4845 διὰ
853 4782 990 4846 πάντων
1012 4780 1141 4847 τούτων
1164 4779 1250 4846 ἕλκει
1273 4782 1335 4865 τὴν
1357 4782 1468 4867 ψυχὴν
1491 4781 1569 4849 δτιοι
1591 4779 1634 4847 ἂν

561 4889 722 4973 βούληται
746 4900 813 4954 τῶν
836 4887 1027 4971 ἀνθρώπων
1049 4892 1116 4953 κτλ.

401 4991 455 5059 An
482 4993 615 5059 dubium
643 4999 693 5061 cst
717 4998 760 5060 σὺ
783 4997 928 5081 potuisse
951 4996 1076 5079 abesse,
1103 5016 1169 5061 non
1192 4994 1335 5080 potuisse
1359 4994 1377 5061 ὁ
1401 4996 1557 5084 §approbo
1579 4996 1633 5061 καλ
1809 5084 1810 5089 ¹

401 5100 603 5185 ὑποκοιτήςῗ
639 5100 729 5179 Quae
758 5104 912 5187 quoniam
940 5102 1110 5168 coniuncta
1138 5102 1255 5167 dautur
1282 5102 1372 5167 nulla
1399 5124 1472 5167 cum
1500 5102 1634 5169 necessi·
1809 5132 1810 5191 η

401 5210 482 5291 tata,
512 5230 598 5274 noro
631 5210 694 5275 hoo
723 5210 910 5275 testimonio
936 5210 1079 5293 patefieri
1107 5214 1271 5294 putamus,
1305 5211 1419 5275 ceteris
1447 5210 1527 5275 locis
1556 5208 1633 5295 quid

403 5315 554 5399 scriptori
577 5316 719 5381 libuerit.
756 5313 820 5381 Sed
842 5315 894 5380 his
913 5338 995 5400 quae
1014 5314 1118 5381 adhuc
1138 5316 1284 5401 exposita
1302 5320 1386 5401 sunt,
1404 5317 1465 5381 etsi
1484 5316 1633 5383 nonnihil
