3925 6675
541 1146 789 1198 Aefflormuns
807 1146 846 1196 IN
865 1144 1058 1196 CICERONIS
1077 1143 1329 1196 ORATIONIBUS.
1490 1139 1556 1204 315

324 1329 390 1393 qua
405 1308 593 1392 interpolati
608 1308 793 1392 opinionem
808 1306 922 1371 fulcire
936 1305 1138 1370 studuerunt.
1175 1303 1288 1388 Neque
1303 1308 1410 1368 tamen
1425 1326 1462 1368 eo
1478 1303 1557 1368 rela-

322 1413 440 1497 bimur,
462 1418 500 1478 ut
523 1411 712 1480 Ciceronem
737 1415 844 1498 ipsum
866 1417 1019 1498 putemus
1044 1418 1120 1497 post
1138 1411 1194 1477 illa
1212 1413 1310 1476 nostis
1328 1417 1424 1476 retem
1443 1411 1555 1476 eodem

321 1525 434 1586 tenore
452 1520 588 1586 alterum
607 1542 735 1586 versum
754 1542 827 1586 cum
847 1519 1100 1606 interrogatione
1118 1519 1231 1584 afferre
1249 1518 1400 1603 potuisse.
1434 1516 1555 1582 Verum

319 1627 385 1692 hoe
403 1631 533 1712 oportet
548 1627 698 1714 intelligi,
717 1627 778 1692 ista
792 1628 846 1690 via
858 1626 942 1691 nihil
955 1626 1026 1690 sani
1040 1629 1097 1690 aut
1112 1627 1190 1691 certi
1205 1625 1335 1691 criticos
1349 1647 1418 1689 csse
1432 1645 1555 1688 assecu-

319 1738 382 1814 tos,
406 1734 501 1800 ideo
524 1736 641 1816 minus,
664 1733 751 1819 quod
774 1735 908 1799 seclusis
931 1753 1015 1817 quae
1033 1733 1155 1800 secludi
1174 1731 1296 1815 iubant,
1319 1753 1391 1796 cum
1415 1731 1455 1796 ad
1475 1733 1556 1796 inse·

320 1842 455 1925 quentia
473 1841 572 1906 verba
589 1845 778 1926 perventum
797 1845 847 1905 est
864 1861 943 1923 quoe
959 1841 1086 1921 scripsit
1101 1842 1210 1922 prosis
1227 1844 1256 1904 et
1272 1840 1451 1922 ingeniosus
1464 1845 1555 1920 poeto

320 1949 446 2030 scripsit
467 1969 531 2013 non
547 1954 583 2014 nt
600 1949 674 2014 illos
691 2000 697 2012 .
713 1997 720 2012 .
738 1948 794 2014 scd
813 1953 850 2012 nt
869 1967 927 2012 nos
948 1948 1102 2025 cantaret,
1125 1967 1234 2010 rursus
1257 1966 1316 2010 noe
1339 1943 1452 2010 turbae
1472 1947 1554 2010 exei-

321 2055 416 2138 piunt
433 2056 564 2120 minime
581 2057 644 2120 iam
659 2055 862 2139 compositae.
895 2053 1000 2130 Quam
1015 2055 1099 2118 enim
1114 2053 1209 2117 fidem
1223 2051 1379 2117 habemus
1393 2051 1458 2116 illis
1474 2073 1554 2136 quae

318 2161 405 2226 forte
432 2161 533 2227 videri
560 2166 711 2247 poterant
738 2166 831 2246 parte
858 2161 983 2226 abiecta
1011 2159 1089 2225 satis
1117 2163 1202 2224 recte
1230 2159 1385 2224 adornata
1413 2180 1495 2240 ease,
1527 2161 1553 2222 si

319 2271 430 2333 tamen
452 2269 488 2333 in
509 2269 668 2353 proximis
692 2269 835 2334 salebrae
856 2267 1118 2354 progredientem
1141 2265 1296 2331 inhibent.
1338 2264 1422 2330 Num
1447 2267 1474 2330 si
1498 2267 1554 2350 qui
1571 2291 1595 2330 ιο

318 2375 368 2439 ita
389 2377 632 2459 ratiocinantur,
655 2377 790 2440 alterum
814 2376 941 2456 scripsit
962 2395 1050 2440 mero
1074 2371 1235 2438 scribendi
1258 2393 1363 2437 errore
1382 2373 1554 2456 repetitum

319 2485 355 2545 et
381 2481 450 2547 aine
478 2483 682 2548 cunctatione
709 2481 923 2548 obiiciendum
951 2503 1035 2564 esse,
1062 2501 1100 2545 ea
1122 2479 1340 2545 memorabilis
1363 2483 1412 2544 eat
1435 2479 1554 2564 incogi-

318 2587 424 2653 tantia
452 2611 578 2675 eomm,
606 2591 663 2674 qui
686 2611 753 2656 non
775 2589 887 2654 vident
909 2589 989 2653 haee
1012 2588 1120 2652 omnia
1142 2589 1227 2651 inter
1251 2609 1284 2651 se
1307 2607 1389 2652 nexa
1412 2591 1444 2650 et
1467 2587 1555 2651 colli·

319 2700 396 2781 gata
415 2695 456 2760 ad
476 2719 570 2761 unam
590 2698 768 2762 orationem
788 2697 958 2781 pertinere,
975 2715 1083 2779 neque
1096 2715 1191 2778 posse
1206 2695 1275 2758 eius
1290 2697 1435 2758 constare
1450 2715 1555 2758 emen·

319 2801 485 2868 dationem
513 2803 577 2868 nisi
605 2825 688 2888 quae
715 2826 755 2868 ax
782 2824 847 2867 uno
875 2802 1036 2886 principio
1060 2801 1156 2866 ducta
1178 2800 1237 2865 toti
1264 2799 1441 2864 sententiae
1464 2821 1555 2864 suam

319 2910 425 2974 lucem
458 2912 616 2976 restituat.
658 2909 788 2976 Etenim
817 2914 855 2973 ut
882 2910 1125 2993 proficiscamur
1151 2907 1192 2972 ab
1219 2907 1280 2970 hoo
1308 2907 1429 2990 duplici
1456 2905 1554 2971 verbo

318 3018 461 3101 scripsit,
487 3016 588 3101 quid?
616 3018 644 3082 si
671 3016 823 3102 ponimus
850 3016 1015 3101 paulisper
1038 3013 1175 3098 exempli
1200 3035 1296 3079 causa
1319 3012 1352 3077 in
1376 3014 1555 3077 reinserta

319 3123 477 3208 scriptum
502 3124 601 3188 fuisse
624 3124 699 3189 laec
720 3144 800 3206 qnos
821 3125 948 3205 scripsit
968 3123 1148 3204 inperiosus
1164 3127 1266 3203 poda,
1289 3121 1413 3202 scripsit
1435 3141 1499 3185 non
1521 3128 1556 3184 nt

319 3229 391 3295 nos
410 3282 417 3294 .
433 3281 439 3294 .
458 3231 514 3296 sed
533 3236 569 3295 nt
585 3251 644 3297 nos
662 3282 668 3294 .
684 3281 691 3294 .
709 3232 864 3308 oscitaret,
886 3230 938 3294 vel
955 3229 1031 3294 loeo
1048 3230 1103 3311 qui
1120 3229 1246 3310 scripsit
1263 3229 1440 3311 inperiosus
1452 3234 1554 3309 pocta,

319 3340 445 3419 scripsit
470 3360 535 3405 non
560 3338 616 3405 illo
643 3338 784 3417 consilio,
810 3338 867 3404 sed
886 3338 955 3421 lton,
981 3358 1089 3403 nonne
1112 3333 1186 3401 ilico
1208 3340 1344 3421 apparet
1367 3357 1449 3419 quae
1471 3333 1553 3400 ratio
1569 3360 1594 3399 sc

317 3444 419 3509 fuerit
445 3450 502 3511 aut
530 3467 599 3511 esse
626 3446 770 3530 potuerit
797 3445 933 3509 duorum
959 3442 1143 3527 verborum,
1170 3444 1407 3530 geminatorum
1432 3432 1554 3508 scilicet

318 3551 387 3617 fere
410 3552 450 3617 ad
473 3574 548 3617 eum
570 3552 701 3617 modum
724 3574 789 3637 quo
813 3551 939 3616 Ennius
962 3551 1091 3635 scripsit
1109 3550 1350 3615 Andromachae
1372 3570 1483 3615 ncnscn
1500 3552 1555 3631 qni

316 3658 447 3735 indidit,
472 3665 551 3723 recte
572 3660 602 3724 ei
623 3659 766 3724 indidit?
788 3656 897 3743 Atque
920 3679 959 3722 ex
983 3657 1043 3721 hac
1066 3662 1157 3743 parte
1180 3656 1311 3740 exorsis,
1336 3656 1488 3741 quoniam
1507 3660 1552 3721 to·

318 3768 372 3829 tus
394 3768 491 3831 tenor
513 3766 615 3848 docet,
637 3764 718 3831 haec
740 3786 823 3849 quae
847 3764 926 3830 dicit
944 3762 1056 3830 Cicero
1081 3763 1120 3834 de
1143 3760 1311 3848 ingenioso
1332 3760 1429 3848 poete
1452 3763 1554 3847 deque

318 3871 390 3936 eius
414 3872 558 3939 consiliis
581 3894 664 3957 quae
687 3874 750 3937 ista
773 3873 919 3937 oratione
942 3874 1111 3935 exsecutus
1135 3872 1177 3935 eit
1200 3869 1239 3935 ad
1259 3892 1295 3933 ea
1314 3870 1417 3934 redire
1436 3870 1553 3953 quibus

318 3999 354 4042 se
381 3979 430 4043 uti
452 3979 574 4045 fatetur
596 3979 631 4044 in
654 3978 968 4045 commonefaciendo
992 3976 1074 4059 filio,
1102 3978 1166 4041 iam
1189 3998 1290 4061 paene
1313 3975 1430 4059 elucet,
1458 3978 1553 4041 inter-

318 4086 521 4173 rogationem
550 4086 658 4169 iatam,
688 4108 769 4171 qnae
797 4090 871 4150 ante
896 4084 1034 4169 pendere
1057 4083 1226 4148 videbatur
1249 4084 1368 4165 soluta,
1394 4103 1496 4147 rscnne
1518 4084 1555 4147 id

317 4192 403 4275 qnod
424 4193 515 4257 multi
539 4194 705 4272 invideant,
729 4191 986 4277 asuperioribns
1005 4190 1181 4257 seiunctam
1202 4190 1293 4274 iungi
1312 4194 1461 4273 oportere
1480 4212 1552 4255 cum

318 4298 527 4365 inferioribus
555 4322 679 4384 suoque
706 4300 835 4365 vinculo
863 4299 977 4363 vinciri
1006 4298 1046 4362 iis
1074 4318 1156 4381 quae
1184 4296 1223 4361 de
1250 4299 1363 4381 poetae
1387 4294 1552 4360 voluntate

319 4406 478 4472 dicuntur.
515 4404 555 4471 ln
578 4428 678 4471 unum
701 4406 780 4471 haec
803 4405 934 4492 collige,
956 4408 990 4469 et
1012 4402 1146 4469 habebis
1170 4424 1251 4488 quae
1275 4401 1386 4468 Cicero
1411 4392 1594 4472 senseritsso

453 4514 544 4579 Haec
564 4512 615 4578 illi
636 4513 716 4579 soleo
732 4515 926 4595 praecipere,
954 4532 1033 4594 qnae
1056 4512 1108 4577 ille
1129 4533 1150 4577 o
1174 4510 1247 4576 Iove
1268 4516 1353 4576 ostris
1375 4512 1442 4575 suis
1458 4510 1554 4593 proe-

453 4622 530 4703 cipit
555 4620 642 4703 filiis.
676 4620 909 4702 “Viprlcndnm
938 4624 982 4684 est
1008 4638 1143 4701 sonipes:
1175 4617 1291 4683 multoe
1317 4618 1455 4683 insidiae
1480 4608 1554 4683 sunt

454 4727 574 4793 bonis.'’
599 4729 696 4793 nostis
714 4733 821 4793 cetera.
850 4722 965 4791 Nonne
979 4726 1040 4789 “id
1051 4726 1134 4807 quod
1146 4724 1238 4789 multi
1250 4725 1436 4790 invideant”
1451 4723 1552 4811 qni*)

452 4836 580 4917 scripsit
598 4836 708 4916 prome
729 4840 758 4899 ct
776 4835 954 4917 inperiosus
967 4838 1068 4914 poeto,
1090 4833 1216 4914 scripsit
1233 4852 1296 4897 non
1313 4838 1348 4897 nt
1365 4831 1437 4897 illos
1454 4834 1554 4915 sepios

448 4962 571 5025 mos,
594 4944 650 5023 qui
671 4943 739 5006 iam
761 4960 917 5023 namnum
939 4945 1037 5018 norit,
1060 4940 1115 5005 sed
1135 4944 1171 5003 nt
1187 4958 1244 5004 nos
1261 4944 1289 5003 et
1306 4944 1427 5005 nostros
1444 4934 1554 5005 liberos

453 5048 499 5113 od
519 5049 654 5115 lobornn
678 5054 706 5115 ot
727 5049 773 5113 od
794 5046 918 5113 london
942 5046 1110 5112 etoitrret?

407 5206 472 5277 ⁸³³)
491 5205 652 5279 [Nordenua
671 5210 732 5275 (per
750 5204 870 5273 litteras)
888 5204 1016 5273 quamvis
1035 5205 1104 5259 meis
1123 5204 1280 5259 rationibus
1299 5221 1354 5259 non
1374 5202 1475 5257 leviter
1488 5220 1552 5273 pro·

317 5294 395 5350 batia
409 5312 479 5366 qnae
492 5310 574 5365 posse
589 5295 705 5349 retineri
718 5293 902 5365 opinabatarz
917 5293 946 5347 in
960 5310 1017 5362 qua
1031 5310 1060 5347 re
1075 5293 1193 5348 fortasse
1208 5292 1300 5361 fallor,
1314 5292 1364 5347 red
1374 5293 1463 5348 liabeo
1476 5293 1551 5361 quod

318 5385 468 5457 dubitem]
566 5382 571 5393 ’
