3925 6675
426 1115 492 1181 316
648 1117 746 1170 XLIX.
764 1119 880 1168 INDEX
898 1117 1111 1170 LECTIONUM
1130 1117 1362 1168 AESTIVARUM
1382 1120 1458 1170 1899.

425 1280 459 1344 in
483 1279 599 1364 quibus
622 1279 705 1344 nihil
728 1302 747 1344 a
769 1279 832 1344 fide
854 1280 1011 1344 librorum
1036 1279 1180 1362 discedit,
1202 1279 1267 1344 nisi
1291 1278 1378 1362 quod
1401 1278 1510 1344 littera
1533 1281 1658 1344 mutate

424 1389 479 1469 qni
496 1388 673 1471 repositum
693 1391 742 1450 est
760 1409 819 1471 pro
837 1407 915 1471 pure,
932 1386 1070 1470 proclivi
1089 1406 1197 1450 errore
1215 1386 1316 1450 altera
1333 1385 1439 1452 forma
1456 1384 1658 1470 pronominis

424 1499 553 1559 exarata
575 1515 635 1578 pro
659 1493 768 1558 altera.

513 1600 626 1686 Itaque
651 1600 761 1665 Cicero
785 1601 861 1684 qaia
875 1623 918 1676 ,se
940 1605 1051 1666 narrat
1073 1601 1257 1685 praecipere
1279 1600 1348 1666 lilio
1372 1622 1453 1684 quae
1476 1599 1594 1664 Atreus
1618 1599 1657 1664 de

423 1708 589 1795 tragoedia
613 1708 680 1772 sais
702 1707 779 1772 filiis
802 1707 988 1792 pmmipiat,
1012 1729 1140 1772 oausam
1163 1707 1334 1792 additque
1353 1729 1448 1773 causa
1467 1730 1501 1772 se
1520 1706 1658 1771 idrecte

424 1817 529 1882 facere
552 1814 704 1897 affirmet,
728 1835 801 1879 cum
824 1815 871 1879 ita
893 1814 993 1897 dicat,
1016 1813 1072 1878 illa
1094 1815 1150 1898 qui
1174 1815 1339 1900 scripserit
1361 1815 1563 1900 ingeniosum
1582 1835 1658 1898 poe-

424 1929 491 1988 tam
515 1921 680 2007 scripsisse
702 1943 769 1985 non
790 1925 828 1985 ut
846 1921 939 1986 Atrei
962 1921 1048 1988 lilios
1072 1923 1128 2005 qui
1151 1922 1215 1986 iam
1239 1943 1397 2006 nusquam
1421 1927 1528 1988 essent
1546 1922 1602 1988 sed
1620 1927 1659 1986 nt

424 2031 480 2114 qui
504 2031 648 2094 virerent
668 2028 886 2094 adolescentes
904 2027 945 2092 sd
963 2028 1106 2093 laborem
1125 2033 1158 2092 et
1176 2029 1303 2094 laudem
1323 2029 1489 2114 excitarem
1512 2029 1568 2094 sed
1587 2051 1657 2095 eam

424 2159 552 2202 oausam
584 2158 650 2200 non
682 2135 769 2220 quod
796 2139 924 2219 poterat
950 2157 1009 2221 per
1038 2135 1239 2200 enuntiatum
1268 2137 1394 2202 causale
1417 2137 1519 2220 effert,
1546 2159 1657 2202 veram

384 2268 410 2308 ro
424 2244 677 2330 interrogatione
694 2264 782 2326 usus,
805 2265 887 2326 quae
905 2240 1001 2306 etiam
1021 2241 1188 2307 fortiorem
1207 2243 1273 2306 rim
1292 2242 1491 2308 asseverandi
1511 2241 1656 2310 haberet:

424 2351 542 2416 ‘nonne
565 2349 622 2414 illa
645 2349 701 2433 qui
724 2350 853 2433 scripsit
876 2347 1062 2435 ingeniosus
1086 2352 1183 2434 poeta
1206 2349 1335 2433 scripsit
1357 2371 1423 2414 non
1447 2352 1484 2414 ut
1507 2349 1581 2414 illos
1600 2353 1657 2435 qui

422 2479 581 2541 nusquam
610 2459 717 2520 essent
744 2455 800 2520 sed
828 2459 865 2520 nt
887 2455 947 2521 hos
971 2457 1027 2539 qui
1051 2460 1157 2520 essent
1180 2455 1220 2520 ed
1243 2457 1371 2522 laudem
1394 2456 1582 2522 excitaretl'
1618 2456 1657 2523 In

423 2587 488 2648 qua
509 2586 544 2628 re
568 2562 654 2648 quod
677 2584 742 2626 non
766 2562 800 2626 in
822 2583 888 2628 uno
911 2561 969 2627 illo
992 2584 1087 2628 versu
1109 2584 1142 2627 se
1162 2564 1314 2645 continet,
1337 2585 1402 2647 qno
1421 2564 1560 2646 primum
1579 2587 1656 2630 arus

423 2675 526 2736 totam
553 2670 652 2754 ῥῆσιν
674 2668 767 2734 Atrei
794 2669 1004 2754 significavit,
1032 2669 1088 2734 sed
1115 2671 1149 2734 in
1176 2669 1277 2734 altera
1299 2670 1458 2734 sententia
1480 2691 1590 2736 rursus
1613 2670 1655 2735 nl·

423 2783 525 2843 terum
549 2799 677 2841 versam
700 2798 740 2841 ex
763 2775 873 2840 eadem
897 2776 1044 2841 oratione
1067 2775 1293 2861 depromptum
1317 2776 1423 2860 ponit,
1450 2798 1523 2842 cnm
1546 2781 1656 2862 posset

422 2885 611 2969 pronomine
639 2883 772 2969 defungi
799 2887 836 2948 ut
862 2884 909 2947 ita
931 2883 1063 2966 diceret,
1092 2883 1170 2966 ‘fitia
1196 2883 1275 2950 soleo
1296 2886 1477 2966 praeripere
1501 2905 1580 2966 qaae
1602 2883 1694 2956 tiles

421 2993 489 3057 sais
518 2992 598 3075 filiis
631 2990 852 3073 “cipitandnm
883 2995 927 3055 est
956 3010 1092 3072 semper:
1125 2991 1241 3056 mattae
1267 2991 1409 3056 invidiae
1434 2997 1507 3056 sant
1534 2991 1653 3058 eoae?

422 3101 519 3188 nonis
546 3104 652 3163 caera
688 3118 792 3162 nonne
818 3097 891 3161 ilia
917 3098 972 3179 qni
998 3099 1124 3180 scripsit
1150 3099 1329 3181 inpeniosas
1349 3103 1443 3180 poeta
1469 3099 1594 3182 scripsit
1620 3104 1655 3164 at

421 3212 542 3272 nostros
564 3205 675 3271 raca
696 3205 741 3268 aa
764 3204 890 3268 landem
911 3204 1077 3284 excitaret,
1101 3203 1134 3270 id
1157 3209 1194 3269 nt
1217 3209 1302 3270 recte
1325 3204 1484 3270 iudicetur
1500 3225 1580 3269 neve
1600 3204 1655 3270 du·

383 3339 410 3378 ra
424 3312 549 3378 bitandi
568 3310 733 3377 materiam
753 3311 867 3396 pariat,
885 3310 1109 3396 perspicienda
1125 3315 1201 3376 sunt
1215 3333 1297 3397 quae
1311 3332 1350 3378 ex
1365 3311 1475 3377 eadem
1489 3311 1656 3399 tragoedis

423 3424 573 3503 excerpta
600 3418 698 3483 habet
726 3418 830 3483 oratio
854 3416 1015 3484 Sestiana:
1043 3420 1076 3483 in
1105 3441 1169 3503 qua
1192 3418 1303 3485 Cicero
1331 3422 1541 3505 posteaquam
1569 3421 1656 3485 viros

423 3526 578 3610 quosdam
602 3524 749 3609 egregios
772 3529 805 3589 et
823 3524 862 3589 de
880 3526 987 3609 patria
1004 3526 1176 3612 insigniter
1194 3525 1324 3591 maritos
1344 3525 1542 3609 memoravit,
1561 3548 1586 3591 o.
1601 3526 1656 3610 48,

425 3632 488 3697 102
506 3631 594 3696 hunc
611 3631 716 3695 locum
737 3631 864 3696 induxit
882 3632 1084 3718 gravissime:
1104 3632 1179 3698 haec
1196 3634 1371 3699 imitamini
1388 3636 1443 3715 qni
1462 3634 1656 3716 dipnitatem,

421 3742 477 3821 qni
503 3738 641 3817 tandem,
668 3740 724 3820 qni
746 3739 882 3821 ploriam
904 3740 1072 3821 canaitis:
1098 3740 1174 3805 traco
1195 3740 1304 3824 arnpla
1325 3746 1411 3816 sant,
1438 3740 1513 3807 aaa
1534 3741 1655 3819 divina,

421 3847 496 3911 haec
512 3844 723 3921 immersam
741 3845 816 3910 daeo
830 3846 923 3927 fama
940 3846 1140 3926 celebrantur,
1160 3850 1367 3913 monnmerm's
1382 3848 1550 3913 annotinas
1564 3868 1655 3913 man

422 3955 547 4031 dantnr,
556 3955 734 4035 posteritati
740 3958 970 4036 propapantar.
1002 3954 1063 4019 Est
1076 3954 1171 4032 labor,
1189 3974 1253 4019 non
1265 3976 1358 4038 napa·
1370 3955 1515 4036 perimla
1529 3974 1654 4038 mapsa,

420 4062 539 4142 fatrem·
563 4060 730 4125 “attritae
751 4061 921 4147 insidiae
937 4066 1024 4127 sant
1043 4060 1185 4141 tonis’',
1208 4063 1366 4127 verissime
1384 4063 1500 4127 diatmn
1518 4068 1577 4141 est,·
1600 4062 1656 4128 sed

421 4175 450 4234 te
472 4168 543 4233 “id
564 4169 658 4249 qnod
680 4168 790 4233 malti
812 4169 1011 4233 invideant
1033 4168 1181 4251 inultique
1198 4175 1341 4251 arpenn
1358 4171 1486 4235 inscitia
1505 4168 1582 4255 est”‚
1605 4172 1654 4235 in·

421 4278 500 4357 quit,
530 4275 713 4357 “postalare
742 4276 810 4341 nisi
840 4274 975 4340 latorem
1007 4295 1132 4340 samma
1164 4296 1233 4341 mm
1260 4296 1337 4341 aaa
1364 4276 1509 4359 efferas?
1541 4276 1654 4343 nolim

381 4408 409 4447 ro
424 4384 506 4447 idern
528 4382 593 4447 atio
615 4382 677 4447 ioco
699 4383 835 4460 dixisset,
858 4382 941 4463 qaod
962 4384 1134 4463 ermperart
1151 4384 1286 4466 improbi
1303 4386 1390 4463 aaa,
1414 4384 1560 4451 “odalm
1577 4386 1654 4450 dnm

423 4488 591 4554 metuant.''
623 4489 792 4569 praeclara
824 4491 908 4553 enim
937 4488 994 4553 illa
1020 4496 1183 4571 praecepta
1210 4490 1337 4555 dederim
1363 4492 1523 4556 inventrai.
1564 4490 1653 4568 Quae

421 4597 478 4679 qui
506 4595 693 4681 diligentius
720 4595 968 4661 consideraverit
996 4600 1029 4661 et
1056 4618 1128 4661 cum
1156 4598 1196 4661 iis
1224 4618 1306 4681 quae
1328 4598 1481 4684 legantur
1502 4600 1537 4663 in
1559 4598 1652 4663 Plan-

422 4704 513 4767 oiana
535 4702 744 4788 contenderit,
767 4704 906 4787 primurn
930 4704 1092 4789 intelliget
1110 4726 1248 4787 versum,
1271 4705 1362 4769 onius
1381 4726 1478 4788 supra
1495 4704 1653 4789 particula

421 4814 479 4893 eet,
501 4809 679 4895 pleniorem
702 4811 788 4875 hunc
810 4810 909 4874 fuisse
932 4810 1129 4893 mpdandmn
1152 4818 1195 4877 ast
1217 4830 1352 4895 semper:
1380 4812 1495 4877 madae
1516 4812 1655 4878 insidiae

420 4923 493 4983 sunt
515 4917 611 4997 banis,
634 4938 738 5001 neque
760 4921 846 4981 recte
869 4915 1026 4983 Cobetnm
1050 4940 1089 4981 ex
1114 4917 1178 4983 illis
1201 4918 1306 4983 tribus
1329 4924 1373 4983 est
1396 4918 1492 4997 aaa,
1509 4917 1653 5001 perimis

421 5044 547 5106 nrapna,
571 5023 685 5087 multae
707 5023 846 5088 insidiae
866 5044 891 5089 s.
910 5022 936 5087 b.
959 5044 1059 5087 annm
1083 5022 1188 5089 facere
1211 5046 1337 5090 versam
1362 5026 1515 5109 volumem
1538 5024 1654 5091 deinde

421 5136 497 5215 post
515 5152 588 5194 eum
607 5152 734 5195 versum
749 5128 932 5196 Ciceronem
951 5131 1054 5195 multa
1073 5132 1121 5195 uti
1139 5131 1222 5196 solet
1235 5132 1496 5217 praetermisisse,
1516 5153 1652 5218 qnorum

421 5244 530 5303 tamen
552 5259 710 5303 memores
734 5258 802 5303 esee
825 5238 929 5302 voluit
951 5236 1132 5323 audientem
1155 5236 1293 5323 denique
1314 5238 1393 5304 haee
1413 5240 1449 5303 id
1464 5240 1547 5322 qnod
1563 5238 1654 5307 nari

420 5346 584 5410 inrideant
609 5344 643 5409 in
672 5366 736 5428 qna
763 5345 921 5410 sententia
948 5343 1054 5409 locum
1080 5342 1232 5411 habuisse
1256 5344 1403 5412 Sestiana
1426 5344 1532 5431 docet,
1559 5347 1594 5413 in
1616 5368 1655 5413 ea
