3925 6675
528 1132 578 1182 DE
596 1130 764 1184 scnonns
781 1131 821 1181 IN
839 1130 1075 1185 ARISTOTELIS
1093 1131 1339 1183 nflnromcau.
1485 1129 1553 1194 473

259 1300 300 1356 lo
314 1293 436 1369 stoteli
464 1293 594 1358 licuisse
630 1292 755 1378 neget?
794 1291 865 1357 Nos
900 1292 980 1358 talia
1017 1294 1172 1378 exemplis
1210 1293 1399 1358 confirmare
1436 1293 1553 1358 inutile

314 1400 507 1483 iudicamus,
528 1400 585 1466 ιώ
607 1404 715 1465 tamen
739 1421 821 1485 quae
845 1404 958 1486 suapte
980 1406 1098 1466 natura
1119 1400 1298 1484 probantur
1320 1422 1392 1465 raro
1412 1401 1550 1484 exempli

314 1507 378 1574 fide
407 1506 564 1573 destituta
590 1511 674 1572 sunt
710 1505 811 1572 Velut
838 1506 1031 1573 Aristoteles
1054 1530 1126 1572 cum
1150 1507 1264 1573 scribit
1286 1508 1321 1572 in
1344 1507 1455 1572 eodem
1481 1508 1552 1572 rhe-

314 1615 437 1681 toricae
461 1613 545 1680 libro
569 1611 609 1701 (c
628 1613 650 1679 5
669 1636 699 1699 p.
722 1614 806 1680 1407
827 1637 846 1679 a
864 1613 1003 1702 20sqq.)
1026 1616 1063 1680 τὸ
1087 1612 1269 1699 ἑλληνίζειν
1291 1636 1360 1678 esse
1385 1613 1421 1679 έν
1443 1613 1552 1696 πέντε,

314 1733 450 1807 πρῶτον
478 1717 541 1804 μὲν
568 1721 605 1786 ἐν
632 1732 702 1799 τοῖς
725 1720 925 1806 συνδέσμοις
949 1771 1029 1806 ...,
1057 1723 1215 1806 δεύτερον
1238 1723 1275 1788 δὲ
1298 1723 1335 1786 τὸ
1358 1732 1428 1799 τοῖς
1453 1723 1553 1798 ἰδίοις

315 1830 456 1914 ὀνόμασι
481 1827 591 1912 λέγειν
608 1827 664 1894 παῖ
681 1830 727 1912 μὴ
745 1838 815 1905 τοῖς
832 1828 1054 1914 περιέχουσιν,
1076 1832 1198 1914 τρίτον,
1220 1831 1264 1914 μὴ
1282 1831 1551 1916 ἀμφιβόλοις...

314 1936 519 2023 τέταρτον,
543 1938 593 2014 ὡς
610 1938 877 2022 Πρωταγόρας
899 1937 944 2000 τδι
967 1935 1062 2020 γένη
1085 1947 1162 2001 τῶν
1180 1935 1386 2022 ὀνομάτων
1404 1933 1550 2023 διῄρει,

314 2046 465 2129 ἄρρενα
501 2041 565 2109 καὶ
601 2047 725 2128 θήλεα
756 2042 821 2108 καὶ
853 2045 988 2128 σκεύη·
1020 2045 1082 2109 δεῖ
1113 2045 1185 2128 γὰρ
1218 2044 1456 2109 ἀποδιδόναι
1488 2043 1551 2109 καὶ

316 2160 439 2217 ταῦτα
467 2151 663 2237 ὀρδῶς..
686 2149 866 2236 .πέμπτον
892 2149 930 2216 ἐν
957 2158 1003 2240 τῷ
1027 2153 1067 2215 τά
1094 2153 1201 2216 πολλὰ
1228 2149 1284 2216 καὶ
1311 2151 1407 2234 ὀλίγα
1431 2149 1484 2215 καὶ
1514 2151 1552 2215 ἓν

314 2260 429 2343 ὀρδῶς
452 2258 636 2341 ὀνομάζειν,
659 2258 732 2342 quis
755 2280 820 2324 non
843 2258 932 2323 videt
954 2257 1216 2342 aequabilitatem
1235 2262 1392 2323 sectatum
1412 2259 1594 2323 scriberem

314 2365 461 2450 potuisse
475 2364 633 2450 τέταρτον
647 2364 685 2431 ἐν
696 2373 742 2452 τῷ
755 2363 821 2451 (vel
833 2363 885 2452 τὸ)
898 2366 937 2429 τὰ
950 2364 1030 2449 γένη
1043 2364 1243 2431 ἀποδιδόναι
1256 2365 1378 2449 ὀρθῶς,
1393 2369 1425 2430 et
1438 2365 1551 2429 deinde

315 2472 356 2538 de
373 2472 561 2558 Protagora,
584 2473 640 2537 sed
663 2472 778 2537 maluit
796 2473 918 2537 variare
937 2473 1125 2555 orationem,
1148 2473 1211 2537 hoc
1229 2475 1301 2538 loco
1319 2496 1385 2538 nou
1405 2494 1496 2537 secus
1515 2494 1551 2537 ac

314 2602 415 2664 supra
441 2601 514 2644 cum
542 2579 697 2645 scriberet
723 2575 772 2644 ἔτι
800 2575 837 2645 δὲ
865 2582 979 2665 τρίτον
1006 2578 1024 2644 ὃ
1048 2581 1120 2645 λύει
1143 2582 1203 2644 τὸν
1226 2583 1327 2663 λόγον
1346 2583 1550 2664 σοφιστικόν.

406 2704 453 2751 111.
477 2685 590 2751 Multis
609 2688 798 2773 magnisque
817 2686 1065 2752 difficultatibus
1085 2687 1240 2772 impedita
1258 2692 1334 2752 sunt
1353 2709 1435 2772 quae
1454 2688 1551 2752 tertio

315 2794 388 2860 loco
412 2793 620 2879 disceptaturi
643 2816 762 2859 sumus.
804 2791 888 2859 Sunt
910 2794 1009 2859 verba
1031 2795 1065 2858 in
1085 2795 1197 2859 eodem
1216 2795 1313 2858 tertio
1332 2793 1370 2857 dc
1390 2794 1552 2858 rhetorica

317 2899 356 2987 (c
375 2900 396 2966 9
420 2924 450 2986 p.
473 2901 558 2967 1409
577 2900 599 2965 b
618 2899 654 2988 8)
683 2901 716 2965 in
743 2901 830 2967 hunc
857 2901 989 2966 modum
1018 2902 1137 2966 tradita
1164 2903 1218 2967 δεῖ
1243 2897 1281 2966 δὲ
1308 2903 1369 2984 τὴν
1391 2902 1551 2986 περίοδον

318 3010 371 3074 καὶ
393 3017 433 3095 τῇ
457 3009 591 3095 διανοίᾳ
613 3012 855 3091 τετελειῶσδαι,
879 3006 934 3073 καί
957 3010 1002 3092 μὴ
1026 3010 1266 3074 διακόπτεσθαι
1290 3009 1400 3093 ὥσπερ
1424 3009 1464 3072 τὰ
1484 3012 1551 3072 Σο-

319 3114 482 3198 φοκλέους
505 3116 648 3200 ἰαμβεῖα,

531 3223 700 3288 Καλυδὼν
721 3219 784 3306 μὲν
807 3222 866 3305 ἥδε
889 3233 967 3306 γαῖα
992 3226 1176 3299 Πελοπείας
1199 3227 1337 3307 χθονός·

321 3329 516 3397 τούναντίον
543 3330 606 3416 γὰρ
632 3325 727 3396 ἔστιν
752 3329 936 3413 ὑπολαβεῖν
964 3339 1009 3419 τῷ
1034 3331 1254 3414 διαιρεῖσθαι,
1284 3331 1394 3416 ὥσπερ
1418 3328 1472 3395 καὶ
1496 3327 1592 3395 ἀπίει

323 3446 376 3503 τοῦ
395 3436 572 3522 είρημίνου
590 3438 652 3522 τὴν
670 3438 858 3503 Καλυδῶνα
877 3433 963 3503 εἶναι
982 3447 1039 3521 τῆς
1057 3441 1328 3521 Πελοποννήσου.
1366 3436 1446 3502 Cum
1465 3438 1550 3502 enim

324 3565 426 3610 sersus
453 3543 584 3627 citatus,
612 3565 707 3628 quem
730 3543 941 3629 Euripideum
970 3566 1040 3611 esse
1068 3544 1165 3611 certis
1192 3545 1387 3610 testimoniis
1415 3549 1550 3622 constat,

325 3653 410 3734 quasi
440 3649 640 3737 Sophoclem
669 3651 776 3716 afferri
806 3651 965 3734 videatur,
995 3657 1090 3717 natae
1120 3657 1197 3717 sunt
1226 3653 1394 3718 doctorum
1426 3656 1551 3717 contro-

325 3759 439 3825 versiae
458 3758 497 3824 de
515 3757 613 3823 huius
631 3760 803 3823 memoriae
821 3760 1016 3844 integritate.
1051 3759 1194 3837 Quorum
1211 3759 1391 3825 Fridericus
1406 3758 1551 3823 Marxius

323 3860 350 3931 in
371 3866 641 3932 commentatione
662 3866 701 3930 de
715 3863 901 3932 Aristotelis
924 3865 1085 3932 rhetorica
1107 3866 1194 3932 edita
1217 3867 1251 3931 in
1275 3870 1329 3932 rel.
1350 3888 1413 3932 soc.
1434 3865 1548 3931 Saron.

319 3990 342 4036 a
363 3972 453 4040 1900
471 3976 516 4059 (p.
536 3971 616 4060 275)
639 3974 726 4040 huuc
749 3994 888 4038 errorem
912 3996 1008 4058 quem
1032 3995 1100 4039 esse
1123 3972 1259 4040 credidit
1277 3996 1337 4059 pro
1357 3974 1549 4040 documento

317 4080 385 4147 eins
408 4080 545 4167 originis
568 4081 693 4165 accepit
715 4102 780 4166 qna
801 4080 862 4146 hos
886 4080 987 4146 libros
1010 4085 1099 4146 ortos
1122 4103 1192 4145 esse
1211 4082 1273 4146 sibi
1296 4081 1469 4165 persuasit:
1493 4088 1550 4146 aut

311 4188 401 4254 anim
424 4187 466 4253 ab
489 4187 664 4253 Aristotele
692 4188 764 4272 ipso
792 4191 933 4252 erratum
962 4209 1032 4252 esse
1059 4188 1106 4252 ita
1128 4193 1165 4252 ut
1188 4188 1273 4253 inter
1296 4187 1488 4270 docendum,
1514 4195 1550 4252 ut

308 4289 365 4380 fit,
393 4317 511 4362 nomen
539 4316 611 4361 cum
639 4296 770 4359 nomine
797 4295 1042 4379 permutaverit,
1071 4300 1126 4359 aut
1154 4295 1195 4359 ab
1223 4317 1275 4377 eo,
1303 4317 1397 4379 quem
1427 4318 1465 4360 ex
1495 4317 1550 4360 ore

302 4403 543 4487 praecipientis
571 4402 652 4468 haec
678 4402 717 4467 de
747 4406 815 4466 arte
844 4400 1005 4467 rhetorica
1035 4402 1197 4486 excepisse
1228 4402 1345 4481 voluit,
1376 4404 1431 4486 qui
1463 4403 1548 4487 quod
1563 4420 1591 4461 ιο

301 4515 402 4578 recte
424 4509 579 4575 traditum
602 4514 687 4574 esset
708 4531 877 4594 perperam
902 4514 1054 4575 notasset
1092 4507 1191 4573 Cuius
1215 4510 1276 4574 viri
1299 4510 1478 4575 doctissimi
1501 4533 1549 4575 ra·

297 4611 430 4702 tiones,
453 4615 572 4701 quibus
594 4615 690 4681 huius
712 4615 788 4681 libri
812 4615 1032 4681 condicionem
1056 4616 1209 4701 explicari
1227 4638 1323 4700 posse
1341 4621 1445 4702 putat,
1468 4639 1550 4702 quae

296 4723 427 4790 multis
440 4724 638 4809 argumentis
652 4724 809 4807 nituntur,
822 4744 909 4789 nunc
923 4726 1073 4807 persequi
1087 4746 1106 4787 a
1120 4729 1232 4789 nostro
1245 4725 1395 4790 instituto
1408 4724 1550 4790 alienum

296 4835 379 4915 θεῖς
400 4831 436 4896 in
453 4830 517 4896 hoc
534 4829 616 4917 loco,
634 4830 674 4895 de
692 4852 756 4913 qno
776 4829 846 4896 solo
865 4831 1001 4915 agimus,
1020 4852 1116 4915 quam
1136 4835 1222 4896 recte
1241 4854 1382 4897 errorem
1402 4833 1551 4896 statuerit

297 4938 384 5002 sive
409 4936 594 5003 Aristotelis
622 4938 689 5002 sive
717 4939 785 5002 eius
813 4937 869 5021 qui
893 4937 1015 5002 abillo
1044 4939 1149 5002 iussus
1177 4938 1297 5003 librum
1320 4940 1550 5023 perscripserit,

301 5054 483 5127 Speremus
505 5043 644 5110 dilucide
663 5043 873 5110 diiudicatum
893 5044 933 5109 iri
952 5044 1172 5129 disputatione
1190 5050 1308 5110 nostra.
1351 5044 1389 5109 In
1409 5046 1549 5109 diversas

303 5154 425 5226 Partes
447 5150 528 5217 abiit
550 5151 637 5217 edita
657 5150 819 5217 rhetorica
841 5150 1028 5231 Roemerus‚
1052 5153 1121 5236 qui,
1145 5173 1209 5236 quo
1233 5174 1340 5217 veram
1363 5150 1548 5217 Aristotelis

308 5268 447 5324 manum
466 5279 532 5324 non
550 5262 676 5324 exstars
695 5257 917 5341 socerorum
936 5259 970 5322 in
988 5260 1187 5343 praefatione
1206 5257 1251 5344 (p.
1267 5276 1352 5322 xmx
1371 5256 1432 5343 sq.)
1452 5280 1547 5342 quam

314 5353 361 5426 in
380 5363 581 5432 adnotatione
603 5365 644 5431 ad
666 5365 764 5432 verba
786 5366 858 5450 ipsa
880 5363 1073 5431 scholiastae
1096 5366 1192 5431 fidem
1219 5366 1430 5451 praedicavit,
1453 5387 1547 5450 quem
1570 5364 1580 5386 ⁸
