3925 6675
777 1129 828 1179 DE
846 1127 1030 1179 EURIPIDIS
1049 1128 1229 1178 HERCULE.

545 1290 684 1375 ἄρηξον,
707 1288 801 1373 ἐλθέ,
824 1287 879 1354 καὶ
902 1290 979 1354 σκιὰ
1002 1287 1135 1373 φάνηθί
1156 1312 1226 1373 μοι.

545 1399 619 1474 ἅλις
642 1397 720 1480 γάρ·
745 1396 858 1462 ἐλθὼν
881 1396 995 1472 ἱκανὸς
1017 1393 1060 1459 ἂν
1083 1393 1195 1478 γένοιο
1220 1396 1276 1459 σύ·

547 1502 642 1569 κακοὶ
666 1504 729 1586 γὰρ
753 1506 800 1580 εἰς
823 1502 863 1568 σέ
883 1501 913 1586 γ’
942 1506 978 1566 οἳ
998 1501 1097 1567 τέκνα
1120 1504 1288 1567 κτείνουσι
1312 1503 1362 1566 eet.

382 1612 473 1689 Quae
497 1612 546 1676 sic
569 1610 783 1696 intelligimus
806 1611 880 1684 ἅλις
903 1610 966 1691 γὰρ
991 1606 1045 1673 καὶ
1070 1610 1147 1674 σκιὰ
1168 1613 1287 1693 φανείς
1309 1607 1360 1673 vel
1385 1609 1457 1685 ἅλις
1479 1610 1542 1692 γὰρ
1566 1607 1620 1673 καὶ

383 1721 481 1785 σκιάν
510 1736 547 1784 σε
575 1716 771 1804 φανῆναι*).
813 1717 925 1781 Altera
947 1722 1055 1780 autem
1078 1737 1152 1799 pars
1176 1736 1285 1780 versus
1308 1715 1407 1780 habet
1430 1737 1501 1780 eam
1524 1736 1622 1799 quam

383 1825 590 1891 Hermannus
613 1824 716 1888 totius
739 1845 808 1888 esse
830 1822 935 1888 voluit
958 1822 1162 1906 sententiam,
1185 1824 1219 1888 in
1242 1843 1403 1906 quacum
1427 1823 1460 1886 vi
1478 1823 1623 1907 positum

384 1933 496 1999 ἐλθών
529 1931 638 2018 (quasi
670 1930 789 1995 dixerit
815 1932 921 2011 μόνον
949 1927 1076 2016 ἐλθών)
1105 1931 1162 2013 qui
1189 1933 1276 1994 recte
1304 1930 1425 2014 ceperit
1452 1929 1623 2014 intelliget,

384 2040 462 2125 quid
489 2039 570 2104 baec
598 2039 759 2102 sententia
787 2036 827 2100 eb
855 2036 955 2100 altera
983 2036 1081 2101 distet
1109 2041 1142 2100 et
1169 2058 1265 2120 quam
1293 2039 1379 2101 recte
1404 2037 1435 2101 ei
1458 2041 1623 2120 tamquam

386 2147 567 2233 generalior
594 2146 664 2209 sine
691 2144 919 2209 coniunctione
946 2143 1021 2208 addi
1048 2145 1205 2227 potuerit:
1233 2164 1337 2227 neque
1366 2143 1452 2208 enim
1474 2142 1555 2208 haec
1578 2143 1624 2208 di-

387 2252 583 2338 stinguendo
607 2253 709 2337 maffl's
734 2272 831 2335 quam
854 2251 1015 2314 sententia
1037 2252 1179 2335 separari
1199 2249 1348 2314 volumus
1368 2254 1400 2314 et
1418 2249 1503 2315 hanc
1520 2251 1624 2334 biper·
1638 2280 1665 2320 ιο

388 2362 480 2425 titarn
513 2381 582 2425 esse
608 2359 787 2424 orationem
810 2362 964 2442 putamus
987 2357 1074 2423 ultro
1098 2359 1239 2444 agnosci.
1282 2355 1404 2432 Quodsi
1427 2357 1474 2421 ita
1495 2362 1556 2441 eat,
1584 2380 1624 2422 ne

389 2468 520 2531 tertium
545 2465 676 2550 quidem
698 2486 826 2530 versum
851 2470 985 2550 apparet
1007 2464 1118 2529 abesse
1140 2485 1249 2549 posse;
1272 2463 1327 2547 qui
1351 2469 1388 2528 ut
1410 2464 1538 2550 perdicit
1556 2487 1625 2529 sen-

388 2575 536 2658 tentiam,
564 2574 612 2637 ita
637 2572 783 2636 videmus
810 2572 894 2636 hanc
921 2573 1159 2638 invocationem
1182 2569 1333 2637 Herculis
1357 2572 1390 2634 in
1414 2571 1493 2636 duas
1516 2578 1624 2656 partes

390 2681 539 2745 distribui
563 2679 738 2764 aptissime.
780 2676 826 2742 Ut
849 2681 896 2743 ita
918 2679 1005 2743 dicat
1027 2678 1158 2763 Megara
1181 2678 1319 2763 ἄρηξον,
1348 2678 1441 2762 ἐλθέ,
1469 2677 1524 2743 καὶ
1548 2682 1625 2744 σκιὰ

392 2789 522 2870 φάνηθί
542 2807 613 2868 μοι·
637 2787 711 2862 ἅλις
733 2786 796 2869 γάρ
820 2790 853 2848 et
875 2807 914 2849 ex
937 2787 1039 2850 altera
1061 2789 1153 2870 parte
1176 2784 1288 2851 ἐλθὼν
1312 2787 1425 2863 ἱκανὸς
1447 2785 1490 2851 ἂν
1512 2786 1624 2869 γένοιο

392 2896 444 2958 σύ·
471 2895 569 2959 κακοὶ
597 2894 660 2974 γὰρ
689 2893 736 2970 εἰς
764 2891 803 2957 σέ
824 2890 854 2975 γ’
883 2895 916 2957 οἳ
938 2892 1037 2957 τέκνα
1060 2894 1227 2957 κτείνονσι
1251 2893 1305 2957 eet:
1333 2892 1519 2977 ‘opitulare,
1542 2894 1625 2976 veni,

393 3003 440 3065 rel
462 3000 579 3065 umbra
602 3021 721 3084 appare
743 3000 839 3083 mihi3
862 3001 941 3064 satis
965 2998 1077 3064 enim'
1095 3004 1128 3064 et
1146 2999 1362 3085 ‘quocumque
1379 3001 1475 3066 modo
1494 3002 1625 3064 veniens

394 3129 448 3191 par
475 3108 591 3188 fueris,
619 3107 729 3193 ignavi
757 3108 844 3171 enim
872 3112 905 3172 te
933 3111 1062 3190 aspecto
1087 3107 1142 3190 qui
1165 3107 1285 3172 liberos
1307 3110 1383 3171 tuos
1407 3107 1625 3172 interficiunt?

479 3213 543 3278 Sed
572 3214 623 3278 his
653 3215 814 3298 complexi
842 3236 952 3278 sumus
981 3213 1019 3277 de
1048 3213 1165 3296 quibus
1190 3213 1379 3299 singillatim
1404 3213 1624 3279 disserendum

396 3326 447 3386 cst.
493 3321 543 3387 Ac
565 3322 707 3406 primum
732 3321 810 3405 quia
831 3321 903 3405 fuit,
934 3322 990 3405 qui
1013 3319 1181 3406 probabile
1204 3343 1273 3386 esse
1295 3325 1428 3407 negaret
1452 3322 1567 3387 lucete
1591 3321 1624 3385 in
1639 3353 1666 3393 ,ο

359 3429 503 3505 11ἱκονός
530 3429 666 3511 mutari,
693 3427 771 3492 haec
794 3428 881 3492 dicta
903 3432 1013 3493 sunto:
1042 3427 1153 3493 ἐλθὼν
1182 3429 1306 3493 ἱκανὸν
1334 3428 1446 3512 γένοιο
1474 3429 1517 3493 σύ
1541 3434 1626 3493 recte

397 3535 453 3600 dici
477 3535 518 3599 ad
541 3558 614 3600 eum
639 3534 773 3599 modum
798 3555 862 3618 quo
887 3536 1057 3617 σφαλερὸν
1078 3535 1212 3619 ἡγεμὼν
1234 3537 1366 3619 θρασύς
1389 3534 1515 3622 (Suppl.
1535 3534 1626 3621 508),

397 3640 483 3719 ἐλπὶς
519 3645 656 3725 βροτοῖς
691 3641 851 3706 κάκιστον
888 3638 978 3727 (ibid.
1006 3639 1103 3727 479),
1139 3642 1284 3726 τερπνὸν
1324 3644 1463 3726 τράπεζα
1500 3644 1627 3727 πλήρης

399 3748 541 3834 (Hippol.
563 3747 642 3835 109)
666 3746 822 3812 credibile
844 3768 912 3811 non
935 3751 994 3831 est,
1017 3747 1073 3811 sed
1098 3749 1210 3823 ἱκανὸς
1233 3749 1266 3813 in
1291 3751 1408 3815 ἱκανὸν
1431 3772 1468 3814 eo
1488 3770 1627 3832 praeser-

399 3857 450 3919 tim
472 3856 545 3921 loco
564 3877 631 3919 non
650 3855 818 3919 difficilius
836 3854 925 3918 abire
942 3855 1052 3939 potuit
1071 3877 1166 3938 quam
1185 3858 1238 3919 vel
1257 3860 1405 3940 λαμπρός
1423 3858 1457 3920 in
1476 3859 1627 3940 λαμπρόν

398 3962 473 4027 abiit
487 3960 601 4047 Suppl
615 3961 683 4027 440
702 3961 757 4026 καὶ
772 3962 872 4027 τοῦδ’
893 3961 911 4026 ὁ
931 3963 1060 4046 χρῄζων
1079 3966 1226 4046 λαμπρός
1241 3963 1332 4028 ἐστιν
1346 3962 1436 4048 (libri
1451 3963 1627 4048 λαμπρόν),

400 4070 429 4131 in
449 4069 630 4154 iisdemque
653 4067 934 4134 terminationibus
952 4073 1067 4132 notum
1086 4073 1135 4133 est
1154 4090 1248 4154 saepe
1266 4069 1422 4136 fluctuare
1440 4070 1627 4134 testimonia

400 4178 573 4261 scripturae
601 4176 691 4241 velut
717 4173 828 4259 Suppl.
847 4175 913 4239 914
937 4180 969 4238 et
993 4173 1097 4239 Orest.
1123 4175 1222 4259 1300,
1249 4181 1286 4240 ut
1313 4180 1421 4242 utrum
1450 4177 1627 4243 sententiae

401 4284 477 4348 ratio
501 4287 615 4367 poscat
639 4284 708 4347 eine
730 4282 945 4346 haesitatione
967 4282 1095 4346 restitui
1119 4282 1231 4366 possit.
1277 4282 1326 4347 De
1345 4284 1499 4366 asyndeto
1519 4289 1627 4348 autem

402 4389 481 4471 quod
509 4389 659 4455 volumus
687 4411 755 4453 esse
783 4388 817 4453 in
846 4387 957 4453 eodem
985 4410 1092 4466 versu,
1126 4410 1199 4454 cum
1227 4388 1330 4454 multa
1357 4390 1463 4455 afferri
1491 4392 1627 4474 possint,
1642 4421 1670 4461 ω

403 4496 473 4560 satis
497 4498 541 4561 sit
563 4495 627 4561 duo
651 4518 690 4560 ex
713 4494 774 4560 hac
797 4496 868 4580 ipsa
890 4494 1002 4560 fabula
1024 4495 1127 4579 promi
1158 4498 1316 4581 exempla:
1344 4497 1407 4561 617
1434 4496 1495 4562 οὐκ
1522 4494 1627 4563 οἶδεν·

402 4599 507 4668 ἐλθὼν
535 4601 686 4668 τάνθάδ’
714 4604 839 4685 εἰδείην
865 4603 969 4686 πάρος
998 4603 1064 4666 sive
1093 4602 1179 4686 quod
1202 4600 1472 4668 Wilamowitzius
1500 4605 1628 4689 scripsit

402 4709 608 4791 probabiliter
636 4709 697 4773 οὐκ
725 4702 830 4775 οἶδεν·
858 4704 968 4791 ἦλθον
996 4708 1142 4773 τάνθάδ’
1173 4709 1298 4775 εἰδέναι
1331 4712 1448 4792 πάρος,
1480 4716 1512 4774 et
1542 4712 1628 4786 1414

402 4816 481 4898 ἄγαν
503 4815 552 4899 γ’·
577 4814 595 4880 ὁ
619 4818 749 4892 κλεινὸς
773 4817 942 4899 Ἡρακλῆς
966 4824 1032 4879 ποῦ
1060 4826 1169 4893 κεῖνος
1192 4818 1241 4881 ὤν
1268 4816 1309 4880 ab
1338 4818 1449 4881 eodem
1473 4816 1628 4881 Wilamo-

403 4923 502 4987 witzio
530 4922 667 5007 pulchre
694 4925 877 4987 restitutum
911 4923 944 4986 in
977 4923 1065 4985 huuc
1098 4923 1229 4987 modum
1262 4924 1348 5006 ἄγαν
1377 4922 1423 5007 γ’·
1449 4924 1466 4989 ὁ
1499 4926 1629 4999 κλεινὸς

399 5025 564 5114 Ἡρακλῆς
588 5030 650 5095 οὐκ
673 5025 704 5095 εἷ
725 5040 845 5094 νοσῶν.
892 5028 980 5105 Quae
1004 5031 1150 5113 exempla
1173 5034 1319 5114 apertum
1344 5035 1392 5095 est
1416 5030 1494 5114 quid
1517 5030 1630 5094 simili-

403 5135 517 5201 tudinis
541 5138 627 5201 inter
650 5158 683 5200 se
706 5143 738 5199 et
761 5157 834 5200 cum
857 5140 968 5200 nostro
993 5136 1132 5200 habeant
1157 5143 1188 5201 et
1211 5159 1307 5221 quam
1330 5139 1425 5202 facile
1449 5138 1499 5201 his
1524 5138 1628 5200 tribus

406 5244 544 5254 -—---.--

467 5295 514 5365 ὀ)
534 5292 676 5347 Heraclid.
691 5298 743 5346 eto
763 5290 880 5347 δίδασκέ
898 5313 943 5363 μοι
964 5293 1092 5347 τοιούσδε
1111 5295 1210 5349 τούσδε
1229 5297 1336 5358 παῖδας
1350 5295 1389 5356 εἰς
1402 5294 1434 5348 τὸ
1449 5301 1506 5347 πᾶν
1522 5294 1630 5361 σοφοὺς

404 5379 489 5451 ὅσπερ
508 5382 552 5448 σύ,
571 5382 660 5453 μηδὲν
677 5385 793 5451 μᾶλλον·
814 5378 964 5450 ἀρκέσουσι
984 5380 1045 5451 γάρ.
