3925 6675
331 1155 383 1206 DE
392 1152 537 1206 GENRRE
547 1153 702 1216 QUODAM
710 1153 864 1204 DIOENDI
873 1153 1025 1205 GRAECIS
1035 1153 1271 1216 ROMANISQUE
1279 1155 1476 1206 FAMILIARI.
1495 1151 1562 1216 433

330 1320 418 1382 recte
436 1337 507 1379 eam
525 1314 749 1379 intellexisset:
769 1337 844 1380 nam
862 1314 931 1379 noli
948 1313 1076 1379 credere
1094 1335 1150 1378 eos
1168 1313 1224 1398 qui
1243 1318 1378 1398 taceant,
1397 1337 1461 1400 quo
1480 1315 1564 1380 nihil

331 1427 402 1490 erat
423 1424 541 1505 tutius,
570 1423 821 1508 perspicaciores
843 1422 944 1486 fuisse
966 1421 1007 1485 iis
1031 1421 1087 1505 qui
1110 1420 1188 1486 olim
1211 1422 1332 1486 frustra
1356 1444 1389 1486 se
1413 1423 1563 1508 expedire

330 1531 527 1596 laborarunt

421 1636 535 1722 Nuper
557 1637 653 1702 aliam
672 1637 757 1702 viam
779 1637 854 1702 iniit
872 1635 1042 1719 Usenerus,
1065 1637 1116 1701 vir
1133 1636 1168 1701 in
1185 1636 1237 1701 his
1254 1632 1372 1700 litteiis
1391 1636 1563 1720 primasius

331 1750 366 1811 et
396 1766 492 1829 quem
524 1767 584 1810 nos
615 1745 726 1828 magni
753 1745 889 1809 fecimus
916 1765 954 1809 ac
981 1744 1153 1830 diligimus.
1203 1741 1236 1808 Is
1263 1744 1364 1830 igitur
1391 1745 1424 1808 in
1453 1765 1563 1809 museo

332 1851 497 1936 Rhenano,
520 1852 573 1916 cui
590 1873 677 1915 nunc
696 1873 768 1916 cum
787 1851 984 1916 Buechelero
1003 1855 1137 1935 praeest,
1160 1851 1222 1916 vol.
1238 1868 1296 1914 nvl
1315 1849 1433 1938 (1901)
1451 1875 1481 1936 p.
1497 1852 1562 1916 312

331 1959 372 2024 ad
396 1960 482 2023 hunc
503 1961 611 2024 locum
635 1958 769 2041 delatus,
792 1981 865 2024 cum
889 1957 1086 2044 intelligeret
1109 1981 1128 2022 a
1150 1957 1370 2042 superioribus
1394 1958 1476 2023 nihil
1494 1979 1563 2024 esse

332 2065 530 2132 emendando
558 2069 615 2129 aut
640 2065 882 2150 interpretando
912 2065 1075 2147 effectum,
1107 2069 1144 2130 ut
1171 2064 1268 2130 verba
1295 2065 1335 2128 ad
1362 2064 1563 2148 probabilem

332 2195 462 2239 sensum
484 2177 657 2254 revocaret,
680 2173 753 2237 Ioo'e
770 2169 815 2256 (h.
830 2195 856 2236 e.
874 2170 994 2258 lovem)
1017 2194 1076 2256 pro
1096 2172 1169 2237 Iooe
1191 2172 1302 2256 reponi
1327 2173 1431 2255 iussit,
1451 2176 1484 2237 et
1502 2172 1564 2237 hoc

332 2302 433 2366 mnus
451 2279 671 2365 interrogandi
694 2280 759 2361 Quo
777 2278 905 2344 Iovem?
928 2278 1084 2363 exemplis
1102 2279 1250 2364 pluribus
1269 2279 1453 2363 illustravit,
1475 2279 1565 2344 velut
1578 2305 1605 2347 ro

331 2385 512 2454 Horatiano
549 2387 615 2468 Quo
641 2387 722 2450 mibi
746 2387 909 2467 fortunam
934 2388 965 2452 si
991 2407 1055 2451 moa
1081 2387 1256 2452 copocdimr
1277 2389 1325 2452 ati
1357 2390 1390 2451 et
1418 2387 1458 2452 iis
1482 2407 1564 2470 quae

331 2493 486 2560 Heinsius
509 2493 673 2579 congessit
695 2493 735 2558 ad
754 2491 862 2557 Ovidii
880 2491 1011 2558 Heroid.
1030 2511 1055 2556 11
1074 2492 1127 2558 53.
1164 2491 1289 2569 Quibus
1312 2493 1428 2558 addere
1446 2492 1565 2559 licebat

296 2601 420 2685 tquod
447 2623 465 2665 e
487 2599 633 2665 Varrone
659 2598 786 2665 Nonius
813 2602 973 2684 excerpsit
1000 2622 1030 2684 p.
1053 2599 1161 2683 100‚4
1192 2601 1258 2682 Qtso
1285 2601 1365 2666 mibi
1390 2601 1566 2666 sommosai

333 2709 479 2774 dormitio
515 2707 650 2772 tollitur:
687 2707 733 2771 sic
764 2707 863 2788 enim,
898 2712 1063 2791 putamus,
1099 2711 1186 2772 recte
1217 2707 1318 2772 edidit
1349 2707 1565 2773 Buechelerus

333 2814 433 2900 (Men
451 2813 533 2898 588)
566 2814 653 2898 quod
686 2817 734 2878 est
763 2814 849 2898 apud
875 2813 1020 2878 Nonium
1052 2815 1130 2896 quid
1156 2814 1236 2878 mibi
1261 2834 1368 2880 sommo
1395 2815 1564 2898 (soranos),·

333 2922 374 2986 ad
397 2920 594 3004 eandemque
622 2919 778 2985 orationis
805 2921 943 2984 formam
970 2921 1105 2984 redeunt
1127 2920 1224 2985 etiam
1248 2921 1326 2984 haec
1353 2921 1438 3005 apud
1461 2919 1564 2986 Hora-

333 3031 415 3094 tium
443 3026 517 3114 (sat.
536 3045 563 3092 11
582 3027 611 3105 7,
627 3027 706 3112 116)
734 3028 818 3092 uode
844 3028 924 3092 mibi
949 3027 1111 3110 lapidem?
1140 3029 1222 3092 ande
1248 3027 1402 3110 sapittm?
1448 3026 1564 3104 Quam-

333 3157 431 3219 quam
458 3136 613 3218 pleraque
640 3134 709 3198 eius
737 3133 826 3198 modi
852 3136 1000 3218 exempla
1027 3133 1148 3217 aliquid
1171 3135 1294 3218 proprii
1316 3133 1450 3218 habent,
1477 3133 1564 3217 quod

332 3243 425 3308 abest
447 3263 467 3304 a
488 3245 614 3324 nostro,
641 3245 748 3306 tamen
770 3262 836 3306 nou
859 3241 1095 3324 intercedimus,
1123 3242 1295 3326 quominus
1319 3241 1461 3322 Laelius,
1491 3262 1564 3306 cum

333 3348 396 3413 boc
419 3349 550 3432 diceret,
571 3348 693 3413 nullius
715 3370 793 3414 usus
816 3371 886 3414 esse
908 3351 944 3413 in
965 3348 1026 3413 bac
1048 3371 1083 3412 re
1106 3348 1224 3429 Iovem,
1248 3350 1281 3412 id
1303 3350 1367 3414 ista
1389 3350 1564 3435 interroga·
1578 3373 1606 3415 so

332 3456 422 3521 tione
456 3456 661 3541 expresserit:
697 3457 763 3537 Qsio
786 3456 913 3521 Iovem?
958 3455 1081 3521 Verum
1113 3460 1221 3521 tamen
1253 3457 1298 3521 ita
1330 3456 1500 3538 sentimus,
1532 3460 1565 3520 et

333 3585 500 3647 speramus
523 3562 585 3627 hoc
606 3585 667 3628 nos
689 3562 835 3629 Usenero
857 3585 1076 3647 persuasuros‚
1100 3564 1212 3628 scitius
1236 3564 1332 3628 etiam
1356 3586 1451 3647 quam
1475 3568 1564 3648 puta·

333 3671 390 3735 bat
416 3692 486 3735 esse
515 3670 685 3735 consilium
709 3670 875 3755 scriptoris
902 3676 936 3735 et
961 3671 996 3736 id
1025 3671 1137 3755 quavis
1161 3672 1338 3735 mutatione
1366 3672 1399 3735 in
1424 3670 1564 3735 deterius

334 3778 462 3843 mutari.
499 3776 592 3855 Quod
614 3782 652 3842 ut
674 3781 760 3843 recte
782 3777 988 3862 percipiatur,
1011 3778 1150 3861 primum
1171 3777 1399 3842 attendendum
1418 3781 1476 3861 ast,
1500 3775 1566 3841 Sci-

333 3886 463 3970 pionem
487 3904 559 3949 cum
584 3884 631 3949 ita
653 3884 739 3949 dicat
761 3884 916 3949 Imitabor
937 3906 1007 3967 erpo
1030 3884 1167 3949 Aratum
1190 3885 1245 3965 qai
1269 3886 1395 3966 mappis
1417 3885 1455 3949 de
1476 3885 1567 3949 reem
1694 3937 1698 3943 .
1819 3892 1820 3941 1

333 3992 435 4057 diacre
460 3992 624 4057 mordiciis
650 4012 672 4055 a
699 3991 772 4057 Ioue
797 3992 1011 4073 incipicmtum
1034 3996 1131 4072 putot
1155 3990 1218 4055 hoc
1246 3990 1385 4055 soluisse
1414 3990 1519 4076 ‘Ergo
1547 4014 1566 4055 a

333 4096 419 4180 Iove,
441 4098 621 4163 uibratus
643 4098 732 4181 fecit,
754 4097 971 4183 incipiamus’
1012 4095 1072 4162 Cui
1096 4118 1167 4161 curn
1191 4097 1323 4162 subiicit
1344 4096 1472 4161 Laelius
1500 4098 1565 4177 Quo

334 4204 430 4270 Iove?
453 4226 519 4269 non
541 4203 669 4288 quaerit
691 4205 731 4269 de
752 4205 861 4270 nescio
886 4228 949 4289 qua
972 4205 1128 4289 qualitate
1151 4202 1251 4287 Iovis,
1274 4204 1329 4268 sed
1352 4204 1414 4269 hoc
1437 4203 1565 4285 indicat,

333 4333 399 4377 non
423 4310 629 4393 amalonem,
651 4332 671 4374 a
693 4333 758 4396 quo
781 4312 814 4375 in
838 4312 898 4375 bac
921 4311 1138 4396 disputatione
1162 4310 1391 4375 exordiendum
1411 4310 1565 4376 videatur.

336 4419 416 4483 ‘Mic
437 4418 564 4500 Jupiter
586 4418 651 4483 loss
671 4438 734 4483 aas
755 4419 913 4501 bcqimnm
952 4421 978 4482 Γ
1005 4418 1083 4484 ch
1102 4419 1159 4500 fiir
1180 4419 1279 4483 cinam
1301 4416 1466 4501 Jupiteri'
1508 4416 1565 4483 Ἐκ
1579 4441 1608 4483 so

334 4526 419 4603 Διὸς
441 4524 653 4610 dpzoipsotm
682 4528 710 4589 s
736 4526 845 4589 Ποίου
864 4528 961 4603 Διός;
991 4524 1161 4590 Neminem
1184 4525 1347 4609 putaveris
1371 4524 1449 4591 haec
1467 4548 1565 4610 prave

334 4632 583 4698 intellecturum.
620 4630 684 4697 Sed
701 4630 741 4695 de
758 4630 885 4699 Graecis
903 4631 989 4697 infra
1007 4631 1176 4697 dicendum
1195 4632 1264 4697 erit.
1301 4636 1427 4697 Interea
1441 4630 1566 4697 Cicero·

335 4760 410 4803 nem
429 4737 592 4803 Ciceronis
615 4740 763 4824 exemplo
781 4738 987 4805 vindicemus.
1025 4736 1087 4815 Qui
1108 4761 1180 4803 eum
1200 4740 1246 4803 ita
1264 4739 1376 4804 scribit
1395 4740 1428 4805 in
1446 4738 1566 4805 Tuscu·

333 4844 417 4910 lanis
441 4845 718 4930 disputationibus
740 4864 753 4909 1
771 4845 948 4932 411051)

424 5037 487 5107 ’34)
507 5038 560 5111 [Ex
583 5038 686 5094 iisdem
708 5039 737 5092 in
761 5038 943 5093 adnotatione
966 5038 1108 5093 afferimus
1131 5055 1204 5108 quae
1227 5038 1263 5093 ad
1287 5040 1363 5094 idem
1381 5056 1469 5111 genus
1489 5042 1565 5094 recte

333 5126 433 5182 reterri
451 5128 583 5182 videntur
599 5147 610 5181 r
625 5134 673 5192 21.
687 5134 721 5183 48
739 5130 810 5183 soleo
828 5145 907 5197 saepe
925 5130 1024 5183 mirari
1042 5131 1238 5185 momnrdlorum
1257 5130 1430 5184 insolentiam
1444 5130 1564 5199 pbiloso-

329 5218 451 5289 phorum
479 5218 528 5287 qai
555 5224 674 5273 παίωνα
700 5219 879 5288 copmitiorrcm
906 5218 1083 5274 admirantur
1106 5220 1215 5288 eiusque
1238 5219 1375 5274 inventori
1397 5226 1423 5273 et
1439 5218 1566 5287 principi

333 5307 443 5377 amitae
455 5306 622 5363 multantes
634 5314 723 5379 opmst
735 5324 846 5375 eumque
859 5314 1024 5363 emerentur
1037 5315 1070 5363 ut
1082 5309 1175 5363 mum:
1190 5308 1318 5363 liberatos
1331 5308 1403 5361 enim
1411 5324 1438 5362 ac
1444 5324 1496 5377 per
1505 5324 1565 5363 eum

334 5394 433 5451 dicarit
444 5396 616 5468 praecamur
629 5397 756 5465 dominis,
770 5402 870 5453 terrore
882 5398 1044 5467 maspiter-no
1057 5404 1083 5453 et
1096 5398 1198 5453 dius-rso
1212 5414 1246 5452 ce
1258 5402 1391 5452 mmmmm
1404 5404 1484 5453 nem.
1506 5397 1566 5468 sto

389 5494 517 5537 reaten!
530 5495 642 5545 opumuls
655 5496 685 5536 n
1317 5491 1351 5540 28
