3925 6675
538 1133 589 1184 nr:
607 1131 783 1184 vunsrsus
801 1132 1014 1184 uouuunms
1031 1131 1130 1183 scen
1148 1131 1304 1184 reseres
1473 1130 1537 1194 461

303 1316 451 1380 pressam
471 1315 535 1379 qua
552 1294 635 1359 solet
653 1293 701 1358 uti
719 1291 847 1359 Accius.
884 1293 929 1358 Et
946 1294 1010 1359 nisi
1029 1298 1205 1358 metrorum
1224 1293 1409 1359 sollicitudo
1428 1293 1540 1358 doctos
1643 1340 1646 1345 -

303 1407 506 1468 transversos
534 1405 656 1487 egeret,
686 1405 810 1466 starent
836 1401 958 1468 intacta
986 1405 1019 1465 et
1045 1400 1208 1486 placerent
1236 1400 1395 1466 omnibus.
1445 1399 1541 1465 Nunc

304 1513 481 1594 postquam
504 1509 537 1573 in
561 1509 703 1573 animum
726 1507 931 1593 induxerunt,
952 1507 1013 1574 hos
1036 1509 1200 1573 trimetros
1223 1529 1299 1591 esse,
1323 1508 1485 1594 integrum
1509 1511 1541 1571 et

304 1615 510 1681 dimidiatum
530 1615 676 1698 alterum,
695 1615 847 1699 quoniam
862 1637 976 1700 parere
994 1615 1091 1680 verba
1109 1614 1185 1678 huic
1204 1615 1340 1699 imperio
1358 1616 1541 1698 noluerunt,

303 1723 410 1788 inrita
432 1722 505 1809 cogi
528 1743 656 1789 necesse
680 1726 757 1787 erat.
802 1726 916 1807 Itaque
939 1721 1000 1786 hos
1023 1744 1133 1787 versus
1156 1722 1406 1806 descripserunt:

896 1831 953 1894 etsi
975 1835 1020 1895 est
1042 1832 1077 1894 e‘a
1101 1829 1196 1894 melis

442 1936 597 2019 depositus
618 1938 755 2016 unimus,
778 1938 861 2018 quoe
878 1936 960 2002 scibo
982 1937 1095 2002 exinde
1119 1937 1237 2002 eridies.

304 2042 491 2109 Pronomen
514 2064 600 2109 meus
623 2045 708 2109 enim
730 2043 851 2108 Bothio
874 2049 1048 2128 praeeunte
1078 2066 1149 2109 cum
1174 2045 1347 2108 Muellerus
1370 2047 1439 2108 tum
1464 2042 1541 2107 Rib-

306 2150 441 2216 beekius
465 2153 659 2235 expulerunt
680 2154 714 2216 et
736 2150 800 2235 ille,
822 2173 863 2216 ue
887 2151 959 2235 quis
983 2150 1117 2234 dubitet,
1141 2151 1273 2215 adnotat
1296 2173 1365 2216 mus
1384 2149 1540 2234 syllabam

305 2257 496 2343 praecedere
520 2280 559 2322 ex
583 2280 647 2342 qua
669 2279 756 2324 mas
782 2259 871 2323 nasci
893 2255 1084 2345 potuerit*).
1131 2257 1328 2323 Ribbeckius
1356 2262 1461 2322 autem
1487 2255 1542 2320 ali·
1557 2281 1582 2320 ro

305 2364 438 2449 quando
458 2363 620 2430 dubitavit
638 2364 763 2451 (coroll.
777 2365 810 2429 in
831 2386 911 2430 com.
930 2365 1022 2449 reliq.
1040 2387 1067 2429 a.
1085 2365 1170 2429 1873
1189 2388 1220 2449 p.
1236 2362 1317 2452 c1x),
1341 2387 1436 2449 quam
1456 2367 1542 2429 recte

306 2493 486 2558 pronomen
511 2471 684 2557 deleretur3
706 2477 739 2538 et
757 2473 884 2538 videtur
902 2472 1008 2537 adhuc
1026 2473 1073 2536 ita
1090 2473 1209 2537 sentire
1232 2473 1350 2537 servari
1374 2493 1467 2556 posse
1486 2470 1542 2536 sed

309 2579 553 2664 transpositum.
604 2577 684 2644 Cum
717 2580 802 2644 enim
829 2602 941 2644 versus
973 2580 1055 2644 alter
1082 2601 1213 2644 mancus
1240 2579 1296 2664 sit,
1328 2580 1374 2644 ibi
1402 2580 1542 2664 spatium

306 2692 457 2772 paratum
480 2691 539 2771 est,
562 2707 627 2771 quo
650 2708 829 2771 pronomen
850 2687 1032 2772 recipiatur.
1074 2686 1187 2771 Itaque
1206 2685 1418 2763 Quicheratus
1442 2686 1542 2750 edidit

809 2796 867 2859 etsi
888 2800 933 2860 est
953 2796 990 2859 in
1012 2795 1107 2859 melis
1130 2815 1228 2859 meus

444 2900 613 2983 Depositus
635 2903 772 2981 erinacis,
794 2923 874 2983 quoe
894 2902 976 2966 serbo
999 2902 1112 2967 ariade
1133 2902 1251 2966 audies.
1381 2950 1390 2969 .

310 3006 509 3074 Ribbeekiua
532 3013 647 3092 autem,
671 3009 758 3093 quod
781 3013 867 3074 certe
890 3013 1032 3093 praestat
1056 3013 1087 3073 et
1111 3009 1197 3093 quod
1221 3008 1282 3072 sibi
1307 3029 1417 3070 verum
1441 3006 1542 3070 videri

309 3114 443 3180 adnotat

810 3224 867 3287 etsi
889 3243 989 3288 meos
1011 3229 1054 3288 est
1076 3225 1111 3287 ia
1134 3223 1229 3286 mulis

443 3327 612 3412 Depositis
633 3331 761 3395 anianus
783 3352 862 3413 quoe
882 3330 964 3396 scibo
986 3331 1099 3396 scinde
1120 3330 1238 3395 eudes.

313 3434 379 3501 Alii
400 3436 442 3501 ab
466 3436 576 3502 eadem
600 3438 803 3521 persuasione
823 3460 888 3521 qna
905 3436 966 3501 hos
985 3438 1150 3502 trimetros
1169 3459 1237 3502 esse
1256 3437 1434 3521 decrerunt,
1457 3457 1543 3503 meus

314 3544 501 3627 pronomine
523 3543 636 3609 relicto
660 3544 723 3609 alia
745 3549 837 3628 parte
859 3567 987 3609 versum
1012 3544 1162 3609 adiuvare
1184 3544 1391 3623 conabantur,
1415 3566 1487 3609 cum
1506 3565 1543 3609 ea

315 3669 362 3714 me
377 3651 485 3717 audies
503 3655 536 3715 et
553 3650 674 3716 similia
692 3650 861 3716 scribenda
880 3656 1104 3735 proponerent.
1141 3650 1230 3727 Quae
1248 3654 1417 3718 conamina
1435 3652 1543 3717 omnia

317 3759 459 3839 apertum
490 3761 539 3822 est
571 3759 709 3823 orationi
742 3758 948 3842 simplicitate
980 3759 1107 3823 dicendi
1135 3780 1172 3823 ac
1204 3760 1343 3823 naturali
1371 3758 1542 3823 verborum

321 3861 422 3929 ordine
436 3866 637 3950 conspicuae
660 3887 726 3929 non
748 3865 918 3949 profuisse,
941 3870 974 3929 et
997 3887 1070 3930 cum
1094 3865 1155 3929 fide
1179 3866 1254 3930 licet
1277 3866 1437 3930 affirmare
1460 3864 1543 3930 nihil

323 3986 423 4037 torum
438 3970 488 4037 vel
506 3972 653 4037 infimum
672 3972 807 4058 gradum
827 3972 1066 4057 probabilitatis
1085 3972 1220 4056 assequi.
1250 3971 1367 4036 Veram
1385 3973 1542 4036 rationem
1564 3972 1571 3986 '

328 4092 398 4139 unus
418 4079 583 4163 perspexit
605 4078 829 4163 Buechelerus,
852 4079 943 4145 cuius
966 4080 1044 4144 felix
1068 4080 1233 4165 ingenium
1257 4079 1467 4143 multifariam
1490 4078 1542 4143 his

330 4180 457 4266 reliquiis
480 4208 499 4250 a
521 4185 701 4252 Ribbeckio
729 4187 862 4251 tertium
891 4187 1065 4272 recognitis
1093 4188 1189 4250 saluti
1219 4186 1294 4270 fuit3
1327 4186 1354 4249 is
1382 4188 1467 4249 enim
1496 4187 1543 4249 in-

332 4283 520 4357 elenchos
543 4315 610 4358 non
632 4294 796 4359 trimetros
820 4315 896 4377 esse,
920 4316 1002 4377 quos
1025 4293 1145 4358 frustra
1169 4292 1356 4358 laborarunt
1378 4293 1543 4377 refingere,

330 4390 378 4454 Sed
400 4398 494 4464 verba
520 4400 691 4465 immutata
719 4400 751 4463 in
780 4400 980 4467 trochaicum
1009 4399 1207 4466 octonarium
1237 4400 1333 4464 abire.
1371 4399 1471 4477 Quem
1498 4400 1543 4464 ita
1557 4426 1583 4464 ro

327 4490 494 4589 decripsit:

447 4592 520 4679 Etsi
545 4620 590 4679 est
615 4616 651 4678 in
678 4614 773 4679 molis
795 4614 949 4696 depositas
971 4614 1100 4679 deinces
1122 4634 1208 4679 aceres
1228 4635 1308 4695 quoe
1329 4614 1410 4679 serbo
1433 4614 1545 4680 exinde

447 4720 576 4785 Acidios.

252 4798 290 4860 ¹⁴
304 4800 400 4881 0⁰³0
428 4847 487 4892 nos
514 4826 720 4893 vehementer
746 4827 920 4912 probamus
948 4826 1036 4913 (nam
1061 4827 1239 4893 Ribbeckio
1267 4850 1333 4892 non
1360 4825 1544 4912 persuasit),

289 4916 365 4978 '¹¹⁸¹'
398 4934 491 5016 quod
514 4933 617 4999 exiis
641 4934 820 4999 rationibus
844 4956 923 5019 quas
947 4936 1163 5019 exposuimus,
1186 4956 1263 4999 voce
1287 4957 1383 5019 quam
1407 4933 1544 4998 exclusit

283 5026 402 5096 ’91311
431 5044 559 5125 recepta
580 5041 742 5128 integrum
766 5045 1003 5126 pentametrum
1027 5042 1222 5106 constituere
1245 5040 1395 5105 malimus

384 5125 477 5212 Eas·
492 5153 535 5213 est
548 5149 584 5212 in
598 5148 693 5213 melis
706 5148 861 5230 depositus
874 5148 1003 5214 inimus
1016 5169 1102 5214 iners
1115 5169 1194 5231 quoe
1206 5147 1287 5213 serbo
1301 5149 1412 5212 winde
1425 5146 1543 5212 oiidies.

253 5242 527 5300 Χ-
547 5249 549 5254 “

374 5365 414 5399 ¹⁸
426 5380 467 5446 1⁰)
487 5375 541 5441 Qui
559 5392 595 5430 ne
613 5392 712 5446 expers
730 5378 824 5432 meriti
843 5377 934 5432 abiret
953 5378 1040 5432 etiam
1059 5380 1134 5434 etsist
1152 5377 1273 5446 scripsit.
