3925 6675
761 1088 811 1140 nn
829 1088 1094 1140 marornarns
1112 1088 1315 1150 aoummoe.
1586 1085 1650 1149 279

410 1245 445 1304 et
473 1247 618 1314 rationes
640 1254 786 1314 recenset
809 1248 926 1334 quibus
950 1250 1012 1314 hoc
1036 1251 1105 1313 iure
1123 1250 1195 1313 fieri
1218 1249 1397 1314 confirmet:
1420 1250 1561 1334 primum
1580 1246 1650 1315 ἐπεὶ

405 1349 454 1410 τὰ
476 1357 576 1421 κοινὰ
595 1356 678 1440 πρὶν
696 1361 811 1442 λαχεῖν
828 1360 1025 1440 κατεσθίεις,
1049 1378 1130 1440 quae
1150 1378 1278 1421 sensum
1298 1355 1427 1440 quidem
1445 1356 1651 1440 perspicuum

404 1450 555 1547 habent,
586 1485 781 1549 quamquam
814 1486 896 1548 quac
923 1485 973 1528 res
1002 1465 1207 1548 potissimum
1236 1463 1435 1550 significetur
1462 1463 1651 1549 ambiguum

401 1566 479 1649 θεὶς
506 1569 620 1634 deinde
643 1570 779 1636 alterum
797 1569 852 1637 καί
871 1570 1090 1650 ἀποσυκιίζεις
1106 1569 1226 1650 πιέζων
1244 1573 1323 1647 τοὺς
1341 1571 1558 1646 ὑπευθύνους
1576 1585 1651 1634 σκο·

399 1681 492 1737 πῶν
519 1678 611 1754 ὅστις
639 1678 752 1742 αὑτῶν
774 1677 862 1763 ὠμός
889 1675 983 1743 ἐστιν
1011 1677 1031 1760 ἢ
1058 1676 1174 1743 πέπων
1201 1676 1221 1761 ἢ
1249 1679 1292 1761 μὴ
1321 1676 1447 1742 πέπωνε
1476 1677 1650 1762 inquibus

395 1778 559 1856 primum
582 1784 665 1849 illud
687 1785 824 1850 mixtum
848 1805 950 1870 genus
973 1784 1223 1869 comparationis
1247 1783 1433 1871 agnoscitur
1451 1784 1538 1868 quod
1557 1806 1650 1868 saepe

396 1878 558 1955 diximus
581 1896 614 1956 et
637 1890 722 1976 apud
744 1892 833 1958 hunc
851 1897 978 1976 poetam
998 1893 1101 1958 multo
1119 1914 1181 1957 usu
1198 1892 1395 1976 frequentari
1413 1896 1552 1957 constat:
1575 1914 1650 1957 nam

393 1997 547 2080 proprie
578 1997 731 2064 dicuntur
762 2000 820 2076 τὰς
851 2008 955 2076 συκᾶς
987 1999 1207 2078 ἀποσυκέζειν
1239 2004 1271 2062 et
1302 1999 1343 2064 τὰ
1375 2008 1460 2063 σῦκα
1487 1997 1651 2078 πιέζοντες

394 2103 592 2191 σκοπεῖν*)
616 2106 635 2171 ὅ
658 2129 692 2171 τι
714 2106 826 2171 αὐτῶν
849 2106 942 2191 ὠμόν
964 2105 1056 2171 ἐστιν
1078 2105 1099 2190 ἢ
1121 2109 1177 2189 μή,
1200 2105 1255 2170 sed
1278 2107 1357 2171 hacc
1380 2105 1469 2170 nulla
1487 2122 1650 2190 compara-

392 2202 505 2275 tione
526 2212 613 2277 facta
635 2211 676 2277 ad
698 2212 917 2291 ὑπευθύνους
939 2212 1157 2299 applicantur,
1180 2235 1261 2297 quos
1285 2215 1339 2278 ille
1362 2212 1481 2293 πιέζων
1503 2216 1651 2299 arguitur
1664 2241 1690 2281 ιο

392 2310 604 2404 temptasse,
626 2323 665 2384 ut
687 2318 834 2385 homines
857 2322 898 2386 τὰ
920 2330 1006 2386 σῦκα
1029 2321 1142 2385 solent.
1180 2318 1243 2386 Sed
1267 2321 1305 2384 de
1327 2319 1378 2385 his
1402 2321 1488 2405 quod
1510 2322 1573 2386 tria
1596 2343 1649 2405 ap

347 2428 376 2484 lt
392 2419 531 2498 pellan·
557 2427 709 2493 videntm
736 2449 818 2513 quae
840 2429 896 2492 illc
918 2428 1092 2514 premendo
1116 2429 1277 2512 exquirat,
1305 2427 1473 2493 dubitandi
1497 2432 1529 2492 et
1552 2429 1647 2494 corri-

393 2533 513 2605 gendi
540 2554 671 2599 causam
698 2533 803 2601 doctis
831 2535 1063 2621 suppeditavit,
1092 2537 1148 2619 qui
1176 2536 1251 2619 quia
1279 2537 1323 2619 μὴ
1350 2535 1464 2600 πέπων
1491 2557 1556 2601 non
1580 2558 1648 2601 esse

393 2642 521 2710 posen
537 2643 600 2707 nisi
619 2642 676 2725 qui
695 2641 784 2723 ὠμός
801 2646 943 2725 vocetur,
961 2664 1002 2706 ne
1018 2642 1070 2707 bis
1088 2643 1172 2706 idem
1192 2643 1297 2707 dicere
1311 2642 1482 2727 videretur,
1500 2642 1520 2725 ἢ
1535 2643 1648 2731 πέπων

392 2735 421 2820 ἢ
461 2747 601 2832 μηδέπω
633 2752 690 2813 aut
716 2747 737 2832 ἢ
764 2747 879 2814 πέπων
904 2748 925 2833 ἢ
953 2751 997 2834 μὴ
1022 2747 1170 2815 ’κπέπων
1199 2749 1401 2814 scribendum
1430 2751 1648 2836 coniecerunt,

395 2865 498 2930 quas
524 2856 738 2938 coniecturas,
766 2877 960 2940 quamquam
987 2877 1048 2921 nec
1074 2855 1207 2941 μηδέπω
1230 2878 1290 2921 nec
1313 2855 1463 2921 έκπέπων
1486 2858 1563 2922 satis
1587 2880 1647 2923 usu

393 2958 588 3045 stabilitur,
605 2961 767 3027 Zecherus
785 2962 819 3026 in
838 2963 1046 3029 adnotatione
1060 2964 1280 3029 memorandas
1296 2963 1396 3027 duxit.
1428 2963 1537 3049 Atque
1551 2965 1647 3030 etiam

395 3065 472 3143 qui
498 3069 578 3135 nihil
599 3070 719 3136 mutari
742 3069 868 3152 iubent,
896 3074 1005 3135 tamen
1027 3070 1268 3156 interpretando
1291 3070 1354 3135 hoc
1377 3071 1460 3135 idem
1485 3072 1571 3137 effici
1593 3094 1647 3137 vo·

395 3161 501 3259 lunt,
520 3181 557 3242 ut
578 3179 699 3243 υιαίιαί
720 3181 754 3243 et
775 3179 914 3243 mudum
937 3180 1060 3244 υκαίανί
1083 3179 1332 3264 distinguantur.
1369 3177 1418 3244 Ac
1440 3182 1505 3244 tres
1529 3180 1646 3265 gradus

398 3284 610 3350 maturitatis
629 3286 663 3350 in
682 3285 752 3350 ficis
771 3283 908 3352 discerni
926 3288 1081 3372 potuisse,
1100 3285 1172 3371 quis
1192 3285 1319 3351 dubitat
1332 3306 1406 3351 cum
1420 3287 1552 3371 respicit
1566 3309 1646 3372 quae
1662 3311 1687 3351 ιο

399 3388 476 3449 ⁸¹st
500 3389 739 3477 Theophrastus
762 3394 875 3459 scribit
897 3393 936 3458 de
960 3393 1106 3478 iunipero
1130 3392 1524 3482 (hist.plunt.11112,4)
1548 3396 1592 3472 ὡς
1615 3398 1651 3460 οί

399 3479 450 3549 ἐν
480 3493 633 3585 Ἀρκαδίᾳ
660 3498 796 3584 λέγουσι
823 3511 912 3585 τρεῖς
939 3502 1006 3585 ἅμα
1028 3503 1175 3586 καρπούς
1199 3507 1298 3585 ίσχει,
1325 3504 1385 3567 τόν
1407 3525 1442 3567 τε
1465 3505 1647 3585 περυσινὸν

404 3594 512 3669 0ῧπω
540 3606 668 3672 πέπονα
698 3608 755 3673 καί
785 3609 846 3673 τὸν
872 3608 1124 3693 προπερύσινον
1150 3609 1213 3692 ἤδη
1242 3606 1370 3674 πέπονα
1396 3609 1452 3673 καί
1480 3607 1647 3693 ἐδώδιμον

404 3705 474 3769 ²⁰22
499 3718 605 3794 τρίτον
627 3716 688 3779 τὸν
710 3712 789 3780 νέον
811 3713 994 3799 ὑποφαίνει
1017 3719 1074 3780 aut
1096 3736 1177 3798 quae
1201 3714 1240 3779 de
1263 3716 1334 3779 uvis
1358 3716 1485 3780 suntin
1505 3714 1646 3801 Odyssea

411 3798 489 3886 (Vll
507 3818 578 3908 125)
601 3822 704 3898 ἄλλοις
726 3817 763 3887 δέ
786 3820 978 3906 τραπέουσι·
1003 3822 1146 3906 πάροιθε
1165 3821 1206 3887 δέ
1220 3820 1247 3887 τ’
1271 3821 1417 3906 ὄμφακές
1435 3825 1522 3887 εἰσιν
1540 3825 1646 3900 ἄνθος

413 3908 578 4012 οἰ(Ριείσαι,
609 3927 719 4013 ἕτεραι
751 3926 788 3993 δ’
819 3928 1115 4013 ὑποπερκάζουσιν.
1152 3928 1197 3993 At
1228 3928 1343 3994 horum
1376 3930 1495 3994 similia
1523 3928 1647 3995 Aristo-

418 4016 551 4099 thanum
570 4034 769 4121 significasse
788 4036 886 4100 verba
904 4035 1102 4121 dissuadent,
1122 4038 1177 4120 qui
1197 4035 1283 4119 quod
1301 4035 1414 4100 scribit
1430 4036 1520 4111 ὅστις
1535 4037 1645 4102 αὐτῶν

422 4116 494 4201 ἐθτι
511 4140 637 4207 πέπων
659 4140 680 4226 ἢ
699 4143 748 4227 μὴ
767 4140 911 4226 πέπων,
934 4164 1001 4208 non
1019 4147 1068 4207 est
1086 4165 1124 4207 ea
1142 4142 1271 4227 duplex,
1294 4164 1390 4226 quam
1409 4142 1569 4227 duplicem
1588 4166 1645 4227 pu·

343 4283 344 4288 ν
426 4229 540 4331 labant,
570 4248 626 4313 sed
658 4248 797 4334 simplex
827 4249 1051 4335 interrogatio:
1085 4272 1159 4314 nam
1187 4250 1215 4313 si
1244 4250 1409 4332 quaeritur
1435 4254 1543 4313 utrum
1573 4251 1644 4334 quis

430 4352 558 4420 melotus
584 4378 626 4421 an
653 4377 719 4421 non
747 4360 892 4421 maturus
916 4358 972 4439 sit,
998 4379 1066 4422 non
1089 4356 1214 4421 diversa
1237 4360 1435 4439 quaeruntur
1458 4357 1513 4421 sed
1536 4380 1645 4442 unum,
1659 4381 1685 4421 co

435 4444 504 4521 *itae
520 4460 581 4528 hoc
602 4485 645 4528 an
667 4484 733 4527 nou
756 4463 808 4547 sit,
830 4485 936 4548 neque
958 4464 993 4528 in
1014 4465 1059 4547 μὴ
1082 4463 1196 4529 πέπων
1219 4463 1291 4548 plna
1315 4468 1372 4528 aut
1389 4463 1476 4528 aliud
1496 4487 1592 4549 quam
1611 4466 1643 4529 in

438 4556 529 4633 κέων
546 4570 650 4635 inesse
668 4573 785 4655 potest.
804 4567 913 4648 Ὅπως
927 4571 1001 4657 ίδῃς
1015 4569 1079 4636 εἴτ’
1092 4567 1193 4636 ἔνδον
1208 4569 1265 4635 είτ’
1284 4571 1347 4635 οὐκ
1361 4571 1461 4636 ἔνδον
1477 4568 1579 4657 (Aiac.
1597 4569 1644 4658 ἵ),

441 4696 627 4724 &—

440 4782 493 4850 lah.
509 4804 575 4854 1⁸⁸2
598 4802 637 4865 ὡς
660 4799 691 4856 ἐκ
714 4797 780 4872 δίκῃ
803 4796 830 4854 τ’
856 4799 981 4855 ἔτυπτον.
996 4802 1006 4870 ΙΙ
1020 4801 1078 4854 Καὶ
1100 4809 1159 4863 πῶς
1178 4797 1280 4870 γένοιτ’
1302 4798 1338 4855 ἂν
1356 4799 1463 4865 πατέρα
1481 4800 1595 4853 τύπτειν
1614 4799 1644 4854 ἐν

440 4878 498 4956 lily,
517 4889 564 4943 scd
586 4887 657 4943 ibid.
674 4892 743 4943 1⁸⁷⁷
762 4888 868 4945 οὔκουν
886 4887 1077 4953 δικαίως-
1093 4922 1126 4930 -
1141 4893 1151 4959 ss
1165 4886 1252 4952 αὖθις
1270 4886 1307 4944 αὑ
1325 4889 1490 4958 τυπτήσομαι.
1505 4892 1514 4957 ΙΙ
1528 4888 1575 4957 Νὴ
1594 4888 1644 4942 τὸν

436 4969 472 5027 Δί’
487 4978 518 5033 έν
535 4977 614 5051 δίκῃ
633 4974 662 5049 y'
682 4978 732 5033 ἄν.
746 4980 756 5048 Ι
770 4979 827 5032 Καὶ
845 4987 905 5041 πῶς
923 4977 1079 5045 δικαίωςς
1102 4979 1166 5033 Pac.
1183 4985 1234 5032 628
1255 4978 1290 5033 έν
1308 4978 1387 5051 δίκῃ
1406 4979 1457 5047 μὲν
1476 4975 1527 5032 οὑν
1544 5008 1575 5016 -
1592 4977 1644 5046 -lj

431 5064 470 5132 Νὴ
484 5063 527 5121 Δί’
546 5062 569 5123 al
587 5064 648 5137 μέλ’
669 5064 813 5130 ἐνδίκως
831 5087 861 5137 γε
880 5064 955 5137 δῆτ’,
973 5068 1024 5122 ubi
1043 5069 1074 5124 ἐν
1093 5066 1159 5140 δίκῃ
1179 5087 1209 5137 γε
1228 5070 1368 5137 reponunt
1385 5066 1521 5136 plerique.

502 5155 547 5228 ⁸9)
564 5155 629 5210 Non
652 5158 729 5211 recte
751 5157 885 5226 putamus
908 5156 949 5210 sic
971 5156 1136 5226 interpungi
1158 5155 1260 5221 πιέζων
1278 5157 1344 5219 τοὺς
1362 5156 1555 5218 ὑπευθύνους,
1579 5170 1643 5207 σκο-

422 5251 477 5299 m
489 5268 536 5313 —;
548 5263 615 5300 mm
628 5244 679 5301 illo
693 5244 799 5299 dicitur
811 5244 913 5311 πιέζων
927 5246 1057 5312 ctionem
1071 5262 1127 5299 non
1141 5245 1233 5313 magis
1249 5251 1299 5300 262
1310 5246 1462 5315 διαλαβών,
1477 5240 1641 5311 ἀγκυρίσαςτ

418 5336 498 5391 immo
521 5336 664 5408 διαλαβὼν
686 5334 742 5403 (vel
764 5335 860 5405 potins
884 5335 1027 5405 διαβαλὼν
1046 5334 1123 5403 quod
1142 5337 1185 5389 cst
1203 5334 1233 5387 in
1252 5334 1342 5404 libris)
1362 5331 1511 5402 ἀγκυρίοαι
1530 5331 1661 5386 dicitur..
