3925 6675
790 1093 840 1143 DE
859 1092 977 1144 ovmn
995 1092 1126 1144 FASTIS.

531 1254 611 1320 Esse
633 1254 690 1318 die
711 1254 823 1319 strdtns
851 1252 959 1319 Vestae
979 1254 1154 1320 aninloera
1170 1256 1293 1337 putavi,

575 1361 657 1425 Mon
679 1360 779 1425 didici
801 1380 893 1425 nervo
914 1361 1006 1424 melta
1026 1361 1147 1427 subesse
1169 1361 1267 1439 thola·

530 1467 621 1549 Ipnis
643 1469 847 1532 inexstinctas
868 1468 979 1549 templo
1002 1469 1119 1533 celatur
1140 1471 1177 1533 in
1199 1469 1261 1546 ille,

574 1572 731 1659 Effigiem
754 1572 876 1638 nnllam
899 1572 1002 1640 Vesta
1023 1596 1082 1640 neo
1104 1575 1192 1661 ignis
1214 1574 1322 1658 habet,

348 1680 401 1744 sed
440 1680 553 1745 iisdem
590 1682 687 1745 etiam
724 1679 831 1744 verbis
866 1703 1032 1765 expressas
1064 1681 1240 1746 sententias
1273 1683 1387 1746 iterare
1420 1681 1582 1766 variisque

350 1787 454 1852 modis
476 1788 587 1852 multis
610 1787 725 1851 iisdem
748 1787 854 1852 verbis
877 1787 1051 1853 artificiose
1078 1789 1224 1873 repetitis
1252 1792 1454 1853 venustatem
1483 1811 1581 1872 quan·

357 1891 425 1958 dam
462 1892 672 1958 distichorum
709 1895 938 1976 compositioni
974 1896 1147 1978 acquirere.
1207 1895 1367 1979 Exempla
1404 1894 1443 1959 de
1475 1893 1581 1959 Fastis

360 2000 533 2086 selegimus.

374 2123 407 2169 Π
424 2107 486 2173 363
531 2108 621 2173 Inter
642 2109 689 2172 ait
711 2108 844 2172 vindere
871 2107 1001 2192 Cybelen
1024 2109 1164 2191 altasque
1188 2109 1339 2174 Celaenas

576 2215 696 2279 Amnis
716 2216 744 2278 it
765 2215 892 2296 insana,
914 2216 1042 2280 nomine
1067 2215 1189 2295 Gallus,
1212 2237 1304 2299 aqna.
1597 2242 1624 2282 ro

531 2319 594 2397 Qui
617 2320 702 2385 bibit
725 2321 799 2385 inde
821 2321 909 2385 furit.
928 2323 1040 2404 procsd
1062 2322 1136 2387 tine
1157 2323 1311 2401 (incedite,
1333 2324 1405 2404 quis
1423 2329 1467 2388 est

579 2427 667 2493 Cura
689 2428 786 2493 bonae
808 2430 928 2494 neentis.
975 2427 1038 2505 Qui
1061 2428 1146 2494 bibit
1167 2430 1241 2494 inde
1265 2430 1354 2496 furit

399 2533 490 2600 11235
532 2533 608 2600 Una
630 2535 698 2600 dies
720 2535 840 2600 Fabios
862 2537 908 2600 ad
929 2535 1042 2600 bellum
1065 2539 1194 2602 miserat
1215 2557 1336 2602 omnes:

576 2643 634 2706 Ad
655 2641 767 2707 bellum
790 2645 902 2708 nrsssos
918 2644 1063 2725 perdidit
1085 2666 1150 2708 una
1172 2643 1249 2708 dies.
1585 2711 1586 2714 ,

395 2760 423 2805 w
437 2747 490 2812 483
534 2749 656 2830 Perque
677 2750 757 2814 vices
779 2750 869 2815 modo
894 2748 1110 2832 ‘Persephone'
1135 2750 1225 2815 niodo
1249 2749 1347 2832 ‘filio’
1370 2750 1493 2834 demat,

580 2855 709 2920 Clamat
731 2859 764 2921 et
787 2854 919 2921 alternis
942 2878 1061 2920 nomen
1083 2860 1254 2940 utrumque
1279 2856 1349 2921 ciet.

532 2963 599 3028 Sed
619 2983 715 3044 nepae
737 2962 932 3045 Persephone
956 2963 1097 3028 Cererem
1119 2984 1174 3028 nee
1194 2964 1267 3047 fitia
1290 2969 1421 3029 motem

576 3070 682 3134 Audit
704 3072 738 3133 at
761 3069 894 3134 alternis
917 3091 1034 3135 nomen
1058 3074 1229 3155 utrumque
1253 3070 1345 3154 perit.

400 3173 489 3238 wilt
533 3175 616 3240 Tota
639 3175 753 3241 <lomus
776 3177 860 3242 laeta
882 3183 933 3255 est,
956 3177 1012 3242 hoe
1033 3184 1077 3242 est
1099 3183 1256 3259 materque
1271 3184 1423 3260 paterque

576 3283 732 3366 Nataque.
756 3290 817 3350 tres
839 3283 891 3348 illi
912 3288 985 3349 tota
1004 3285 1093 3366 suere
1115 3284 1237 3350 domus.
1380 3366 1382 3371 ,
1597 3311 1624 3351 ro

401 3396 426 3443 tv
439 3385 487 3452 331
532 3389 609 3456 Nox
631 3391 753 3455 aderat:
777 3413 900 3474 querno
923 3393 1063 3479 religant
1086 3393 1120 3456 in
1143 3393 1255 3478 stipite
1278 3394 1396 3475 funem,

576 3496 727 3580 Dantqne
749 3497 808 3562 leui
830 3519 937 3563 sonmo
959 3519 1089 3580 corpora
1108 3500 1219 3580 fanda
1242 3500 1314 3564 etto.

532 3604 604 3668 Lux
629 3605 751 3669 marat:
774 3626 897 3688 querno
920 3604 1052 3669 solvunt
1074 3628 1093 3668 a
1116 3605 1226 3690 stipite
1249 3607 1368 3689 funem,

577 3712 662 3775 Ante
684 3717 789 3776 tonren
804 3714 909 3794 posito
932 3719 1005 3777 turo
1028 3713 1136 3778 dedere
1155 3714 1232 3794 seeo.

398 3824 423 3872 n
437 3814 490 3881 135
534 3816 642 3882 Aurea
664 3840 842 3888 marmoreo
866 3819 1055 3884 redimicula
1077 3820 1192 3884 solvite
1216 3821 1309 3905 colla,

578 3923 703 3989 Demite
725 3926 873 3990 diuitias:
896 3932 960 3990 tota
983 3926 1123 3991 laeamta
1146 3926 1204 3990 dea
1227 3932 1278 3992 est.

534 4030 644 4096 Aurea
666 4033 786 4096 siccato
809 4031 998 4097 redimicula
1020 4031 1144 4097 reddite
1168 4032 1265 4097 collo:

578 4138 675 4203 Nunc
695 4138 756 4203 alii
776 4138 877 4220 flores,
900 4160 984 4204 nune
1006 4160 1087 4204 nona
1110 4139 1221 4204 dende
1243 4160 1316 4205 roso
1338 4146 1390 4205 est.

380 4232 415 4304 ct
428 4258 459 4305 lv
475 4245 539 4311 215
558 4267 582 4309 s.

387 4348 488 4415 111123
531 4352 612 4417 Eece
634 4352 707 4417 libet
726 4352 843 4418 abias
858 4355 962 4435 pisces
985 4353 1207 4435 Tyrrhenaque
1229 4360 1368 4419 monstra
1596 4378 1624 4417 so

577 4458 692 4525 Dicere
712 4496 757 4505 —
779 4460 834 4524 sed
855 4480 919 4523 non
941 4466 986 4524 est
1008 4460 1158 4524 carminis
1181 4460 1277 4524 huius
1300 4482 1390 4545 opus.

534 4565 693 4631 Carminis
715 4566 812 4630 huius
837 4588 918 4650 opus
942 4586 1055 4632 nenses
1077 4588 1233 4648 seponere,
1256 4588 1353 4648 qnare
1375 4605 1418 4613 -

342 4660 362 4719 Π
395 4670 486 4736 1681
533 4671 641 4738 Ablue
663 4674 829 4756 praeteriti
845 4675 995 4753 periurio
1017 4675 1176 4755 temporis,
1199 4676 1315 4755 inquit,

577 4777 683 4844 Ablue
706 4780 897 4863 praeteritae
915 4781 1043 4862 perfida
1065 4780 1157 4845 verba
1180 4781 1238 4845 die.

383 4896 414 4944 w
431 4884 467 4948 16
693 4908 733 4951 ex
755 4886 821 4950 illis
843 4887 899 4952 sed
921 4893 1026 4952 tamen
1048 4910 1113 4951 una
1136 4887 1206 4951 fuit.

532 4991 584 5056 Ex
608 4992 675 5057 illis
696 4992 761 5057 luit
783 5015 856 5071 una,
878 4995 930 5059 sni
949 5014 1104 5076 parduna
1126 4994 1244 5058 mariti.

383 5109 413 5157 vl
431 5096 488 5163 155
532 5098 687 5165 Protinus
708 5100 841 5165 arbutea
856 5106 960 5181 postes
982 5105 1033 5164 ter
1055 5103 1091 5165 in
1114 5102 1224 5165 ordine
1245 5101 1347 5182 tdnpit

578 5204 714 5290 Fronde,
738 5211 788 5271 ter
810 5206 944 5272 arbutea
967 5207 1082 5271 limina
1105 5206 1219 5271 fronde
1241 5211 1336 5271 notet.

367 5302 434 5374 Noa
453 5317 526 5378 sunt
547 5314 627 5378 haec
649 5314 759 5378 omnia
781 5312 925 5378 eiusdem
950 5314 1086 5398 generis,
1109 5316 1308 5397 possuntque
1334 5311 1453 5375 similia
1480 5307 1584 5379 multa
