3925 6675
483 1126 534 1175 DE
552 1123 762 1175 PRAECEPPO
783 1123 938 1185 QUODAM
957 1121 1125 1172 ANONYMI
1145 1120 1231 1170 ΠΕΡΙ
1249 1118 1464 1169 mumolum.
1526 1115 1594 1182 569

356 1288 408 1350 vel
432 1285 666 1350 or.xxxv161

493 1395 524 1457 ελ
546 1389 582 1456 δὲ
606 1391 749 1475 ἀτεχνῶς
772 1390 903 1472 ὑψηλόν
925 1413 960 1454 τε
984 1387 1039 1453 καὶ
1063 1387 1214 1471 ἐξίτηλον
1232 1387 1336 1471 ἀπέβη
1356 1390 1393 1453 τὸ
1412 1399 1472 1454 τοῦ
1491 1393 1599 1474 λόγου·

493 1509 600 1582 σχῆμα
618 1548 626 1562 .
641 1549 648 1562 .
663 1547 686 1579 .,
705 1498 776 1562 οὐκ
796 1494 851 1579 ἐμὲ
870 1497 967 1574 ἀξιον
986 1498 1168 1578 αἰτιᾶσθαι,
1192 1497 1254 1577 τὴν
1273 1496 1293 1559 d
1299 1496 1315 1560 ὲ
1333 1499 1600 1577 Βορυσθενιτῶν·

493 1605 641 1687 ἀξίωσιν,
664 1606 709 1680 ὡς
732 1607 804 1668 τότε
829 1603 949 1668 ἐκεῖνοι
973 1601 1084 1686 λέγειν
1106 1601 1322 1685 προσέταξαν,

359 1715 510 1779 volumus
533 1713 627 1778 nobis
650 1714 734 1777 viam
756 1713 880 1775 munire
899 1711 939 1774 ad
958 1711 1200 1794 disceptandum
1220 1711 1327 1774 locum
1348 1712 1506 1794 quendam
1526 1714 1599 1777 eius

360 1822 506 1903 oratoris,
530 1842 626 1904 quem
645 1844 663 1883 a
682 1819 858 1883 novissimo
878 1819 1001 1882 editore
1019 1840 1133 1901 parum
1154 1821 1239 1881 recte
1258 1821 1430 1881 tractatum
1450 1818 1603 1884 videmur

359 1928 455 1993 nobis
478 1927 535 1991 illa
558 1926 783 1991 observatione
811 1929 938 1989 utentes
967 1925 1066 1988 tutari
1094 1929 1190 2007 atque
1214 1925 1374 2008 explicare
1398 1947 1501 2009 posse.
1539 1927 1597 1991 Le

361 2040 484 2121 guntur
505 2034 585 2097 haec
608 2035 640 2096 in
666 2034 810 2097 oratione
834 2032 873 2095 de
897 2054 1023 2118 secessu
1047 2048 1095 2094 xx
1115 2032 1133 2094 λ

498 2139 570 2206 ἀλλ’
598 2142 649 2205 ὅτι
674 2164 710 2223 γε
730 2140 889 2215 ostroinos
913 2136 1004 2203 ἐστὶν
1023 2137 1041 2203 ὁ
1059 2137 1212 2222 παρέχων
1231 2139 1311 2204 οὐδὲ
1330 2141 1367 2205 τὸ
1386 2140 1596 2226 ἀποδημῆσαι

496 2250 591 2332 τὸμὴ
611 2246 712 2332 φαῦλ’
734 2248 814 2311 ἀττα
833 2247 990 2330 πράττειν
1008 2245 1088 2310 οὐδὲ
1110 2247 1170 2323 (τὸ)
1191 2247 1238 2322 εἰς
1253 2248 1429 2328 Κόρινθον
1447 2249 1467 2333 ἢ
1484 2252 1596 2333 Θήβας
1610 2280 1642 2320 ιο

497 2354 782 2437 ἀνακεχωρηκέναι
811 2353 862 2437 [τὸ
886 2349 936 2436 δέ]
965 2354 1025 2416 τὸν
1052 2355 1260 2436 βουλόμενον
1287 2355 1370 2439 πρὸς
1396 2355 1486 2443 αὑτῷ
1510 2353 1596 2422 εἷναι

498 2499 543 2508 -
562 2460 616 2525 καλ
640 2462 704 2544 γάρ
729 2461 766 2524 έν
787 2463 913 2543 Θήβαις
935 2460 991 2524 καλ
1010 2459 1047 2524 ἐν
1065 2461 1238 2544 Μεγάροις
1261 2461 1315 2525 καλ
1334 2473 1504 2547 πανταχοῦ
1527 2481 1597 2548 σχε-

499 2570 561 2633 δὸν
585 2564 626 2633 οὗ
648 2592 699 2644 τις
717 2566 761 2631 ἀν
779 2566 909 2651 ἀπέλθῃ
929 2576 986 2650 τῆς
1000 2564 1161 2643 Ἑλλάδος
1179 2565 1233 2631 καὶ
1253 2576 1311 2650 τῆς
1325 2566 1469 2646 Ἰταλίας
1487 2566 1596 2636 ἔνεστι

498 2680 535 2741 τό
558 2699 593 2740 τε
616 2674 732 2759 ἀργεῖν
755 2675 809 2738 καλ
828 2676 865 2738 τὸ
885 2673 1060 2758 ῥᾳθυμεῖν.

361 2783 418 2850 Sic
446 2783 532 2848 enim
556 2782 722 2846 Arnimius
751 2781 851 2846 edidit
878 2782 991 2864 quiet
1020 2782 1081 2857 (τὸ)
1106 2781 1243 2845 inseruit
1268 2782 1306 2845 de
1330 2804 1389 2848 suo
1413 2788 1446 2848 et
1470 2784 1521 2869 [τὸ
1546 2786 1597 2870 δὲ]

361 2913 444 2976 quae
472 2891 594 2973 scripta
621 2892 697 2952 sunt
725 2889 759 2952 in
786 2887 878 2951 libris
907 2888 1058 2951 resecuit:
1086 2909 1150 2970 quo
1178 2888 1265 2953 facto
1289 2887 1437 2975 (missum
1461 2891 1597 2956 facimus

360 2998 523 3062 inutiliter
546 2996 690 3060 additum
714 2996 901 3080 articulum)
925 3015 984 3059 nec
1007 2994 1162 3058 orationis
1186 2994 1322 3059 formam
1345 3019 1449 3080 neque
1472 3003 1597 3064 senten·

360 3107 442 3170 tiam
469 3109 618 3169 constare
645 3102 814 3186 arbitrere3
841 3124 908 3166 non
934 3101 1038 3187 magis
1066 3101 1241 3185 probamus
1269 3102 1355 3185 quod
1379 3103 1464 3167 idem
1487 3106 1521 3168 in
1544 3106 1598 3170 ad·

360 3212 529 3277 notatione
545 3211 743 3292 memoravit,
758 3211 979 3292 insequentem
996 3209 1185 3273 sententiam
1201 3207 1334 3292 καὶγὰρ
1350 3209 1388 3274 έν
1400 3213 1524 3294 Θήβαις
1538 3219 1597 3277 κτλ

362 3320 433 3404 ‘per
451 3316 690 3384 anacoluthiam
707 3316 857 3400 apodosis
876 3315 959 3381 loco'
976 3338 1057 3380 esse:
1077 3317 1171 3381 nobis
1191 3316 1319 3401 quidem
1339 3317 1419 3382 haec
1438 3321 1598 3385 sententia
1612 3350 1643 3392 ιο

361 3448 421 3511 per
438 3428 502 3509 γὰρ
522 3425 713 3508 particulam
733 3428 819 3488 recte
838 3423 940 3506 priori
959 3422 1142 3508 explicandi
1161 3428 1193 3488 et
1212 3424 1423 3489 confirmandi
1443 3447 1539 3491 causa
1553 3430 1598 3492 vi-

362 3534 456 3597 detur
470 3532 594 3596 ednexa
612 3553 689 3596 esse.
713 3529 798 3595 Illud
817 3553 929 3595 verum
947 3535 996 3595 est
1014 3552 1124 3596 vocem
1144 3531 1252 3595 deesse
1271 3532 1357 3597 unde
1376 3533 1426 3597 ὅτι
1440 3535 1599 3617 particula

362 3639 510 3724 pendeat,
526 3638 581 3702 sed
596 3660 633 3702 ea
646 3638 783 3702 fortasse
798 3638 901 3722 ipsius
916 3643 965 3701 est
975 3638 1114 3702 oratoris
1125 3639 1221 3722 eulpa
1235 3640 1361 3705 omissa.
1378 3641 1428 3705 Ad
1439 3664 1598 3707 summam

362 3747 542 3812 sententiae
560 3750 598 3809 ut
617 3745 814 3827 accedamus,
833 3768 872 3809 ne
892 3745 1090 3828 decipiamur
1103 3767 1220 3828 errore,
1238 3748 1418 3812 omittimus
1436 3749 1600 3834 paulisper

363 3875 447 3939 quae
460 3853 524 3917 nisi
544 3853 706 3916 ornandae
720 3858 753 3915 et
767 3852 1010 3936 amplificandae
1025 3851 1180 3916 orationis
1195 3875 1261 3916 non
1276 3859 1364 3938 sunt3
1380 3877 1461 3937 quae
1476 3861 1600 3921 restent

362 3961 448 4025 hanc
457 3961 587 4044 planam
598 3959 718 4024 habent
728 3965 761 4024 et
770 3961 972 4043 perspicuam
984 3959 1189 4023 sententiam:
1204 3960 1249 4024 οὐ
1265 3963 1365 4036 τόπος
1378 3959 1469 4026 ἐστλν
1484 3961 1501 4026 ὁ
1515 3985 1597 4045 παρ-

363 4067 450 4152 έχων
468 4068 564 4150 τὸμὴ
579 4065 682 4149 φαῦλ’
703 4068 784 4130 άττα
802 4066 969 4149 πράττειν,
988 4069 1025 4130 τὸ
1045 4066 1087 4131 δὲ
1106 4068 1165 4130 τὸν
1184 4068 1393 4148 βουλόμενον
1411 4070 1494 4151 πρὸς
1509 4068 1598 4157 αὑτῷ

363 4169 461 4256 εἶναι,
480 4174 605 4239 scilicet
622 4174 755 4257 παρέχει
779 4176 816 4238 τὸ
839 4175 882 4257 μὴ
907 4178 1020 4255 φαῦλα
1042 4172 1208 4257 πράττειν.
1247 4171 1301 4237 Sic
1324 4174 1409 4238 enim
1433 4174 1513 4239 haec
1535 4176 1599 4241 sibi

363 4283 525 4347 contrarie
536 4287 622 4366 sunt,
635 4302 673 4344 eo
686 4281 781 4345 modo
794 4302 889 4364 quem
902 4279 1059 4363 exemplis
1070 4280 1236 4344 nonnullis
1249 4280 1490 4345 declaravimus.
1505 4282 1599 4347 Eam·

364 4411 426 4473 que
445 4390 637 4453 sententiam
656 4388 730 4452 inde
749 4410 768 4449 a
786 4388 933 4470 proxime
952 4388 1133 4470 insequenti
1153 4390 1262 4452 orator
1281 4388 1431 4472 deinceps
1452 4389 1598 4473 pluribus
1612 4416 1642 4456 so

363 4498 562 4581 argumentis
576 4500 744 4559 exsecutus
759 4501 816 4558 est.
840 4494 890 4557 Ex
906 4494 1035 4577 quibus,
1049 4494 1201 4577 quoniam
1215 4498 1317 4559 totam
1337 4497 1595 4579 explanationem

364 4603 537 4667 tranderre
547 4625 612 4667 non
623 4604 707 4684 licet,
719 4603 797 4665 satis
809 4603 852 4664 sit
863 4601 1006 4665 adfidem
1020 4601 1198 4666 faciendam
1211 4624 1313 4685 pauca
1325 4605 1529 4687 excerpsisse.
1545 4603 1599 4668 Sic

363 4710 466 4795 igitur
488 4709 596 4794 pergit
614 4714 688 4793 post
711 4731 748 4771 ea
771 4730 852 4790 quae
871 4730 968 4791 supra
986 4708 1084 4773 allata
1107 4714 1194 4772 sunt:
1214 4710 1262 4789 §l
1284 4707 1338 4773 καὶ
1359 4709 1420 4774 οὐκ
1439 4710 1598 4793 ἀπορήσει

365 4816 573 4901 προφάσεως,
588 4818 673 4880 ὅπου
688 4815 731 4879 ἀν
745 4816 826 4899 τύχῃ
842 4815 900 4895 ὤν,
919 4812 962 4879 δι’
981 4816 1025 4899 ἢν
1038 4816 1212 4897 βλακεύων
1230 4814 1334 4880 τεκαὶ
1354 4815 1601 4899 ἀσχολούμενος

365 4923 530 4988 ἀναλώσει
549 4921 604 4987 καλ
622 4924 711 4987 πάνυ
730 4924 838 4985 πολὺν
857 4923 990 5005 χρόνον,
1009 4920 1052 4986 ἀν
1070 4922 1176 4998 οὕτως
1194 4923 1284 5007 τύχη.
1308 4925 1352 5006 μὴ
1367 4920 1429 4988 οὖν
1446 4926 1599 5008 βελτίστη

366 5021 386 5115 ᾖ
399 5028 455 5093 καὶ
471 5029 722 5111 λυσιτελεστάτη
737 5040 854 5092 πασῶν
868 5028 887 5110 ἡ
904 5030 951 5104 εἰς
965 5028 1069 5093 αὑτὸν
1083 5028 1292 5113 ἀναχώρησις
1306 5029 1407 5094 καὶτὸ
1422 5030 1601 5113 προσέχειν

365 5148 435 5213 τοῖς
448 5136 555 5201 αὑτοῦ
568 5135 769 5219 πράγμασιν,
784 5135 843 5200 ε’άν
861 5134 890 5199 τ’
911 5135 948 5199 εὐ
962 5139 1139 5219 Βαβυλῶνι
1159 5137 1241 5221 τύχη
1261 5161 1310 5213 τις
1326 5137 1373 5201 ὢν
1388 5135 1489 5202 ἐάντ’
1506 5135 1599 5219 Ἀθη-

366 5262 465 5328 νησιν
478 5248 537 5308 κτλ
552 5248 585 5307 et
596 5244 693 5326 paulo
703 5244 836 5327 post§9
848 5244 934 5307 ἰδεῖν
944 5266 978 5306 τε
986 5239 1056 5307 ἔστι
1067 5241 1120 5307 καὶ
1132 5242 1169 5308 ἐν
1179 5252 1224 5329 τῷ
1235 5245 1325 5308 πάνυ
1335 5250 1447 5331 πολλῷ
1457 5245 1600 5331 θορύβῳ

365 5350 478 5416 τεκαὶ
501 5353 623 5433 πλήθει
646 5352 687 5415 οὐ
711 5354 925 5434 κωλυόμενον
948 5350 1105 5434 πράττειν
1128 5349 1268 5415 ἕκαστον
1296 5354 1332 5415 τὸ
1361 5351 1466 5416 αὑτοῦ
1490 5355 1600 5436 ἔργον.
