3925 6675
765 1106 816 1156 DE
833 1107 1016 1158 EURIPIDIS
1035 1108 1214 1159 HERCULE.
1561 1107 1603 1172 67

369 1265 418 1328 vit
441 1265 586 1351 graviter
607 1266 663 1330 sed
685 1267 749 1331 nisi
773 1266 917 1332 fallimur
939 1268 1069 1332 inierim
1092 1290 1166 1333 nam
1190 1267 1361 1346 ἀναιτίους
1382 1269 1506 1335 Thesea
1528 1294 1605 1336 sane

368 1371 450 1437 dicit
476 1372 649 1456 Hercules,
680 1375 839 1438 neminem
870 1379 1048 1459 praeterea,
1081 1375 1157 1458 quia
1184 1376 1224 1439 ad
1251 1377 1410 1440 neminem
1441 1381 1607 1462 praeterea

368 1482 432 1543 ista
461 1480 601 1545 formido
630 1481 834 1567 contagionis
861 1481 1059 1566 pertinebat3
1091 1481 1125 1546 id
1152 1483 1238 1566 quod
1266 1482 1376 1547 fabula
1409 1484 1479 1568 ipsa
1510 1484 1606 1549 docet

367 1584 457 1672 (vide
482 1608 581 1672 supra
603 1585 724 1674 allata),
746 1609 850 1672 neque
873 1589 908 1652 in
931 1610 968 1653 ea
991 1611 1025 1652 re
1049 1589 1157 1672 inepte
1180 1589 1363 1654 memineris
1387 1612 1497 1655 eorum
1522 1613 1605 1674 quae

367 1693 408 1757 de
431 1692 558 1779 Oedipo
582 1694 734 1758 dicuntur
756 1696 790 1759 in
814 1693 937 1780 Oedipo
962 1695 999 1759 lt.
1026 1694 1111 1760 1429

693 1802 738 1877 ὡς
761 1801 891 1886 τάχιστ’
914 1805 961 1878 είς
985 1795 1080 1868 οίαον
1102 1801 1299 1884 ἐσκομίζετε·

531 1920 602 1984 τοῖς
624 1906 661 1972 ἐν
683 1907 773 1990 γένει
797 1909 859 1991 γάρ
883 1907 1025 1991 τάγγενῆ
1049 1907 1192 1993 μάλισθ’
1215 1908 1298 1993 ὁρᾶν

530 2018 647 2096 μόνοις
670 2012 693 2078 τ’
721 2013 858 2080 ἀκούειν
881 2015 1026 2099 εὐσεβῶς
1048 2013 1114 2099 ἔχει
1139 2017 1233 2099 κακά,

364 2128 399 2185 et
428 2121 517 2205 quod
545 2123 693 2185 universe
721 2121 867 2205 loquitur
893 2124 972 2198 τοὺς
999 2122 1170 2198 ἀναιτίους
1202 2122 1367 2207 appellans
1398 2146 1470 2189 eum
1504 2147 1602 2189 unum

364 2229 506 2314 cogitat,
534 2250 640 2312 neque
668 2227 809 2292 insolens
837 2235 886 2292 est
914 2227 1009 2314 (266;
1033 2227 1112 2313 2773
1135 2227 1216 2316 567)
1248 2251 1352 2314 neque
1385 2229 1448 2295 hoc
1479 2235 1645 2302 senten-10

363 2338 487 2400 tiarum
511 2339 623 2399 tenore
647 2335 819 2400 obscurum
843 2357 911 2400 esse
935 2336 1058 2420 potuit3
1084 2347 1230 2400 κακῶσαι
1260 2341 1364 2401 autem
1389 2337 1467 2421 quid
1490 2337 1546 2420 sit,
1575 2339 1603 2402 si

364 2445 418 2507 cui
443 2443 543 2506 nimis
566 2441 732 2505 indefinite
755 2441 817 2506 dici
841 2440 1000 2525 videatur,
1027 2442 1204 2526 praemissa
1231 2442 1328 2506 verba
1354 2446 1604 2528 προστρόπαιον

364 2541 448 2634 αἷμα
472 2554 589 2632 προσί.
613 2570 695 2632 quae
719 2570 791 2613 cum
815 2547 881 2612 illis
904 2571 1001 2613 unam
1027 2549 1217 2614 sententiam
1243 2549 1389 2614 efficiunt
1407 2551 1532 2615 abunde
1552 2551 1603 2616 de·

364 2659 500 2722 clarant.
551 2654 588 2720 In
616 2654 669 2720 bis
695 2660 802 2720 autem
832 2655 925 2741 ipsis,
954 2655 1072 2739 quibus
1100 2677 1134 2719 se
1162 2654 1262 2740 ἐναγῆ
1291 2678 1359 2720 esse
1392 2679 1431 2720 ex
1463 2656 1602 2722 filiorum

364 2763 464 2828 caede
487 2761 644 2827 Hercules
667 2762 797 2845 fatetur,
820 2762 898 2846 quid
921 2783 991 2827 esse
1016 2761 1175 2827 oredimus
1199 2763 1285 2847 quod
1304 2766 1373 2828 iure
1392 2763 1602 2848 reprehenda-

363 2876 434 2934 tur:
457 2870 521 2934 dici
546 2869 673 2953 quidem
699 2873 826 2954 poterat
848 2871 1094 2954 προστρόπαιος
1117 2870 1165 2934 ὥν
1185 2869 1236 2956 (ut
1252 2868 1351 2957 1259)
1371 2871 1422 2934 vel
1440 2873 1601 2953 προστρό-

363 3001 471 3042 παιον
494 2968 575 3061 αἷμα
597 2974 684 3060 ἔχων
707 2973 810 3062 (velut
836 2975 920 3040 1076
945 2966 1025 3060 αίμα
1048 2977 1218 3060 σύγγονον
1244 2975 1319 3058 ἕξει,
1343 2976 1518 3062 ef.1284)‚
1547 2979 1603 3042 sed

362 3106 434 3149 non
457 3083 566 3147 minus
590 3087 684 3169 recte,
712 3084 891 3168 opinamur,
919 3082 1000 3147 illud
1023 3082 1110 3166 quod
1131 3085 1274 3167 positum
1297 3083 1445 3170 legimus,
1473 3106 1537 3168 quo
1561 3085 1601 3148 ad

364 3189 655 3256 commiserandam
679 3190 807 3255 caedem
830 3190 949 3254 factam
973 3190 1037 3256 hoc
1060 3191 1230 3255 accessisse
1253 3190 1370 3255 dicitur
1390 3195 1427 3254 ut
1446 3191 1501 3274 qui
1520 3192 1602 3256 fece

364 3300 409 3363 rit
438 3299 685 3382 προστρόπαιος
713 3297 882 3362 exstiterit.
928 3295 1042 3381 ltaque
1069 3297 1104 3361 in
1131 3295 1183 3362 his
1211 3296 1318 3363 vorbis
1345 3297 1428 3363 nihil
1456 3319 1524 3363 esse
1552 3322 1599 3363 ar·
1614 3334 1642 3375 ,ο

362 3406 528 3471 bitramur
555 3406 722 3490 depravati
748 3406 811 3469 nisi
840 3427 939 3470 unum
968 3406 1069 3492 τῷδε,
1102 3404 1188 3487 quod
1220 3426 1286 3470 non
1317 3404 1416 3470 habet
1447 3427 1511 3489 quo
1539 3407 1600 3471 niti

365 3513 485 3596 possit:
518 3512 661 3597 reposito
690 3512 729 3576 de
757 3510 953 3577 Kirchhoffii
984 3511 1170 3596 opinatione
1197 3512 1317 3594 τῶνδε,
1351 3512 1437 3596 quod
1471 3512 1510 3576 ab
1542 3515 1600 3577 illo

366 3642 464 3702 quam
501 3618 592 3684 nullo
630 3618 814 3684 discrimine
851 3618 949 3683 distet
985 3622 1136 3703 apparet,
1172 3620 1331 3703 integram
1363 3617 1497 3683 habebis
1531 3642 1601 3683 sen-

365 3728 499 3790 tenfiam

527 3831 581 3898 καὶ
605 3834 710 3898 τῶνδε
734 3836 983 3916 προστρόπαιον
1006 3823 1085 3917 αἷμα
1107 3833 1307 3917 προσλαβὼν
1437 3860 1440 3869 ·

527 3940 628 4005 οὐδὲν
651 3951 797 4004 κακῶσαι
821 3942 899 4016 τοὺς
922 3939 1093 4015 ἀναιτίους
1116 3938 1216 4021 θέλω,

374 4070 463 4128 quam
487 4047 527 4110 ad
550 4046 637 4110 hunc
660 4047 727 4110 fere
749 4046 879 4110 modum
905 4044 1107 4130 interpretari
1131 4045 1216 4128 licet,
1239 4046 1292 4109 καὶ
1317 4046 1437 4110 τούσδε
1465 4047 1597 4109 κτανὼν

377 4157 612 4239 προστρόπαιος
645 4153 693 4217 ὢν
726 4149 827 4217 οὐδὲν
859 4163 1005 4217 κακῶσαι
1038 4154 1116 4227 τοὺς
1148 4151 1318 4227 ἀναιτίους
1346 4151 1444 4216 θέλω.
1495 4151 1597 4235 Atqui

381 4260 446 4340 quia
463 4261 542 4347 τῷδε
564 4262 685 4324 incerta
704 4263 865 4324 structura
883 4259 1053 4343 pendebat,
1072 4258 1134 4323 hoc
1148 4262 1185 4322 ut
1199 4257 1407 4342 stabiliretur,
1424 4266 1596 4341 postquam

383 4361 522 4432 Cantems
545 4367 747 4450 προσβαλὼν
770 4365 971 4431 scribendum
997 4365 1166 4450 proposuit
1189 4386 1249 4449 pro
1272 4366 1488 4449 προσλαβών,
1517 4365 1597 4430 scita
1611 4385 1638 4424 so

386 4475 548 4540 conatum
571 4474 734 4558 plerisque
756 4474 902 4558 probata,
925 4473 1039 4537 turbae
1063 4476 1191 4537 coortae
1215 4476 1291 4536 sunt
1313 4492 1417 4555 neque
1440 4472 1596 4557 composi-

388 4577 434 4641 lae.
473 4581 581 4665 Atque
603 4579 809 4645 Hermannus
837 4581 918 4668 τῷδε
946 4581 1147 4663 προσβαλών
1174 4579 1212 4642 de
1241 4601 1274 4642 se
1297 4578 1400 4643 disere
1423 4577 1595 4643 Herculem

390 4686 524 4765 opinatus,
547 4688 706 4753 rationem
731 4692 860 4751 secutus
883 4690 932 4751 est
954 4686 1016 4750 hoc
1040 4686 1169 4769 quidem
1193 4685 1263 4750 loco
1289 4684 1420 4750 minime
1447 4685 1596 4769 probabi-

390 4784 449 4876 len3
467 4796 559 4860 ceteri
584 4796 666 4883 τῷδε
690 4793 724 4858 in
746 4794 806 4858 hac
830 4792 975 4857 oratione
999 4815 1063 4857 non
1087 4815 1183 4877 posse
1201 4794 1265 4857 nisi
1283 4792 1323 4856 ad
1341 4791 1464 4856 Thesea
1484 4792 1593 4856 referri

394 4891 592 4988 intelligentes,
616 4900 656 4966 ab
680 4901 742 4966 hoc
764 4900 924 4985 principio
948 4899 1102 4964 mutando
1126 4899 1260 4965 delendo
1288 4899 1527 4982 transponendo
1556 4920 1595 4962 ex

360 4996 612 5073 l‘difficultatibus
635 5030 715 5093 quas
738 5007 799 5092 ipsi
824 5011 970 5071 orearant
993 5007 1145 5091 expedire
1168 5028 1202 5070 se
1226 5005 1332 5070 conati
1361 5010 1437 5069 sunt
1464 5005 1593 5086 frustra,

397 5107 543 5193 siquidem
566 5116 678 5180 multis
702 5114 858 5179 machinis
881 5135 948 5178 non
966 5115 1103 5178 assecuti
1122 5118 1197 5179 sunt
1216 5114 1249 5176 in
1268 5135 1333 5196 quo
1353 5134 1459 5176 veram
1479 5116 1593 5195 poetae

398 5217 542 5286 outonem
569 5243 731 5308 agnoscas.
781 5219 894 5304 Neque
923 5221 985 5284 hoc
1013 5219 1251 5285 Wilamowitzii
1286 5218 1521 5299 emendatione,
1553 5241 1590 5280 ex

319 5319 320 5326 ἀ
399 5335 445 5396 ‘1¹¹⁸
462 5329 588 5408 profecti
611 5350 732 5412 sumus,
755 5328 902 5412 quamvis
924 5326 1094 5413 ingeniosa
1116 5327 1167 5413 sit,
1196 5327 1343 5391 effectum
1367 5326 1508 5408 videtur3
1537 5326 1593 5406 qui

1342 5431 1379 5480 ᾖ*
