3925 6675
467 1141 517 1192 DE
535 1140 657 1192 VERBO
678 1118 853 1191 somnam
871 1140 911 1190 IN
930 1138 1132 1191 SOPHOCLIS
1151 1137 1347 1191 amnone.
1463 1137 1525 1200 ΠΊ

288 1301 432 1366 Tantum
451 1303 572 1387 apponi
590 1302 735 1386 debebat,
753 1305 791 1364 ut
808 1305 895 1367 recte
909 1300 1045 1365 iudicari
1058 1305 1175 1385 posset.
1209 1299 1302 1376 Quod
1316 1302 1402 1365 enim
1416 1300 1528 1366 Medea

289 1408 413 1474 dicitur
431 1408 640 1493 ἀφειδήσασα
656 1412 787 1492 τοκήων
804 1407 966 1493 hospitem
984 1408 1183 1493 praetulisse,
1203 1408 1308 1491 possit
1326 1407 1360 1472 in
1378 1407 1439 1474 hac
1457 1430 1528 1473 nar·

289 1516 418 1582 ratione
441 1517 488 1580 ita
510 1516 614 1601 accipi
636 1520 675 1581 ut
696 1515 841 1580 Medeam
864 1538 930 1581 nou
952 1515 1134 1600 pepercisse
1157 1514 1345 1598 parentibus
1368 1513 1528 1602 intelliga-

289 1645 377 1706 mus,
406 1622 525 1707 quibus
552 1627 679 1688 tantum
702 1623 768 1687 irae
791 1628 825 1687 et
847 1623 989 1708 aegroris
1013 1625 1168 1705 moveret,
1196 1620 1405 1706 ἀφειδήσασα
1428 1622 1528 1708 igitur

290 1729 459 1816 evulgari
477 1730 721 1816 significatione,
743 1751 808 1813 qna
825 1731 869 1813 μή
889 1728 1069 1814 φειδομένη
1089 1729 1222 1808 δίοειοι,
1241 1728 1295 1793 hic
1313 1729 1444 1813 quidem
1463 1752 1529 1795 non

290 1837 488 1902 disoessisse
529 1835 593 1902 Sed
616 1839 672 1922 qui
695 1839 742 1901 ita
764 1836 920 1918 iudicant,
942 1858 1090 1901 veremur
1112 1858 1152 1901 ne
1176 1838 1283 1920 specie
1306 1836 1464 1901 ducantur
1486 1837 1527 1901 ob

289 1944 396 2010 nostri
425 1946 584 2009 sermonis
613 1966 748 2022 morem,
776 1964 850 2009 cum
877 1943 1021 2022 solioum,
1048 1942 1214 2026 Sobonunp
1242 1945 1307 2008 vim
1330 1942 1473 2008 lenitatis
1497 1949 1530 2009 et

290 2051 484 2118 elementiae
505 2052 613 2134 habet,
636 2072 718 2135 quae
741 2074 761 2114 a
783 2055 927 2115 veterum
945 2050 1053 2115 verbis
1072 2051 1250 2133 φείδεσθαι
1270 2055 1302 2114 et
1319 2071 1446 2133 parcere
1463 2052 1529 2116 fere

290 2159 398 2223 aliena
421 2163 478 2223 est.
516 2157 579 2224 Sed
601 2158 664 2224 hoc
686 2162 761 2222 utut
783 2162 841 2241 est,
864 2163 971 2222 tamen
996 2179 1068 2222 cum
1091 2158 1170 2221 hoec
1194 2160 1347 2240 quattuor
1370 2157 1441 2222 loca
1464 2181 1528 2223 uno

291 2265 406 2331 ordine
428 2267 711 2352 recognoverimus

617 2371 862 2456 ἀφειδήσαντας
884 2370 1019 2436 ἀέθλων

617 2477 770 2564 ἀφειδέες
793 2476 991 2562 οὐλομένοιο
1015 2480 1179 2562 Δείματος

466 2586 508 2652 οὐ
529 2638 535 2650 .
556 2635 591 2652 ..
614 2585 801 2669 ἀφείδησαν
824 2589 982 2669 βασιλῆος

618 2692 828 2776 ἀφειδήσασα
849 2694 993 2775 τοκήων,

244 2811 331 2869 lteo
356 2799 513 2884 ducimur,
536 2805 574 2864 ut
596 2800 660 2865 hoc
677 2799 819 2882 verbum,
843 2799 1110 2883 quemadmodum
1129 2821 1254 2884 semper
1272 2801 1457 2886 genetivum
1476 2823 1532 2865 no·
1564 2780 1570 2790 ⁸

292 2907 391 2972 minis
419 2905 483 2971 sibi
510 2908 656 2971 iunctum
683 2905 794 2989 habet,
823 2905 935 2970 eodem
964 2905 1070 2970 ubivis
1094 2907 1277 2991 significatu
1300 2907 1443 2991 positum
1468 2912 1531 2971 ste-

291 3019 425 3079 tunmus
457 3018 490 3077 et
516 3011 631 3079 Medea
657 3034 786 3098 quoque
813 3012 900 3096 quod
927 3012 1039 3078 fecerit
1066 3015 1221 3100 neglectis
1250 3013 1436 3098 parentibus
1464 3015 1531 3078 sive

291 3118 378 3185 nihil
402 3123 528 3185 morata
550 3124 700 3205 parentes
722 3119 835 3184 fecisse
859 3119 993 3184 dicatur.

385 3224 451 3290 Sed
477 3231 602 3290 restant
628 3225 777 3291 nonnulli
803 3247 915 3290 uersus
939 3225 1119 3310 Apollonii,
1148 3226 1203 3310 qui
1231 3227 1294 3292 hoc
1322 3227 1406 3291 idem
1435 3228 1533 3312 parti·

293 3333 419 3420 cipium
442 3332 497 3400 sed
519 3333 611 3399 nullo
634 3333 758 3399 adiecto
782 3334 932 3419 genetivo
955 3334 1095 3399 nominis
1117 3333 1251 3417 hebent,
1275 3334 1314 3399 de
1337 3356 1475 3419 quorum
1499 3336 1531 3399 vi
1546 3361 1572 3401 ιο

293 3447 327 3506 et
352 3441 514 3506 sententia
536 3441 753 3525 quaerendum
777 3446 834 3505 eet.
865 3449 906 3505 '111
923 3441 1018 3525 1013,
1037 3441 1094 3505 ubi
1117 3442 1157 3506 de
1179 3441 1301 3527 Medea,
1324 3442 1416 3506 cuius
1435 3442 1531 3507 modo

293 3570 392 3632 opem
416 3544 490 3612 Iaso
513 3546 705 3634 efflagitavit
726 3549 826 3633 largis
850 3548 879 3612 ei
897 3547 1046 3613 laudibus
1065 3548 1247 3632 impertitis,
1270 3547 1349 3614 haec
1369 3548 1532 3614 dicuntur:

460 3652 505 3731 ὣς
528 3655 615 3739 φάτο
637 3656 821 3720 κυδαίνων·
844 3655 864 3737 ἣ
888 3653 917 3719 δ’
946 3654 1102 3739 ἐγκλιδὸν
1125 3658 1204 3721 ὄσσε
1226 3659 1377 3739 βαλοῦσα

460 3761 640 3844 νεκτάρεον
661 3759 805 3844 μείδησ’,
828 3761 934 3846 ἐχύθη
959 3761 998 3827 δέ
1019 3763 1051 3825 οἱ
1074 3759 1193 3828 ἔνδοθι
1216 3765 1327 3846 θυμὸς

325 3866 417 3931 1010
461 3872 544 3953 αῐνφ
568 3866 772 3952 ἀειρομένης,
794 3867 849 3933 καὶ
873 3867 1056 3953 ἀνέδρακεν
1079 3871 1223 3953 ὄμμασιν
1246 3871 1363 3953 ἀντην·

460 3974 501 4039 οὐ
524 3971 555 4039 δ’
582 3970 657 4059 ἔχεν
679 3974 761 4057 dms
783 3973 950 4057 πάροιθεν
972 3972 1052 4052 ἔπος
1074 3980 1372 4059 προτιμυθήσαιτο,

461 4078 534 4146 ἀλλ’
561 4082 682 4163 ἄμυδις
704 4080 878 4165 μενέαινεν
900 4081 1021 4147 ἀολλέα
1043 4081 1138 4147 πάντ’
1166 4082 1354 4165 ἀγορεῦσαι.

332 4187 416 4251 1013
461 4188 592 4272 προπρὸ
616 4186 646 4253 δ’
674 4187 922 4272 ἀφειδήσασα
943 4190 1097 4265 θυώδεος
1120 4187 1208 4266 ἔξελε
1229 4192 1346 4273 μίτρης

462 4295 652 4379 φάρμακον·
676 4296 780 4379 αὐτὰρ
805 4295 822 4359 ὅ
846 4294 876 4379 γ’
904 4288 988 4373 αἶψα
1010 4307 1123 4380 χεροῖν
1145 4296 1305 4362 ὑπέδεκτο
1329 4298 1487 4380 γεγηθώς.

307 4396 355 4462 Ut
374 4400 535 4466 mittemus
554 4422 649 4485 nunc,
671 4402 710 4466 de
729 4425 793 4486 qua
811 4424 908 4487 supra
926 4403 1075 4486 diximus,
1099 4404 1286 4469 varietatem
1304 4405 1481 4489 scripturae
1500 4406 1533 4469 in
1548 4430 1574 4471 ιο

312 4524 340 4566 τ.
360 4505 438 4570 1013
461 4531 479 4572 a
502 4507 678 4573 scholiasta
700 4514 917 4591 memoratam,
940 4510 975 4573 in
997 4509 1130 4575 scholiis
1154 4511 1239 4593 quod
1263 4510 1303 4575 ad
1326 4510 1533 4596 ἀφειδήσασα

245 4675 249 4716 ,ἱ
315 4607 388 4674 baec
413 4614 635 4680 adscribuntur
661 4615 953 4701 ἀφροντιστήσασα
979 4625 1040 4682 τοῦ
1067 4628 1262 4700 προσειπεῖν
1289 4616 1386 4705 (πρὸς
1413 4628 1534 4684 τοῦτον

321 4716 413 4782 εἰπεῖν
424 4719 541 4807 Lanu),
563 4721 638 4787 ἀντὶ
660 4733 720 4787 τοῦ
743 4723 857 4807 μηκέτι
877 4722 1128 4807 ἀκριβωσαμένη
1147 4723 1168 4807 it
1187 4729 1534 4809 πολυπραγμονήσασα

326 4817 442 4900 ἀφεῖλεν
466 4826 502 4893 ἐκ
525 4838 583 4913 τής
606 4831 869 4914 στηδοδεσμίδος
891 4832 929 4896 τὸ
953 4829 1144 4915 φάρμακον,
1171 4836 1304 4915 apparet
1327 4832 1534 4916 interpretem

330 4925 355 4987 ei
369 4932 451 4998 rubo
467 4935 620 5019 parcendi
638 4937 689 5001 vel
707 4958 773 5001 non
791 4936 943 5021 parcendi
961 4938 1027 5002 vim
1045 4938 1176 5003 minime
1195 4938 1355 5021 tribuisse,
1374 4943 1407 5003 et
1426 4960 1534 5021 quam-

334 5050 409 5111 quam
433 5041 578 5107 nonnihil
600 5042 812 5108 dubitationis
836 5048 885 5109 est
906 5044 946 5109 de
969 5044 1133 5129 prioribus
1157 5044 1450 5128 ἀφροντιστήσασα
1473 5053 1533 5108 τοῦ

336 5156 496 5218 ’Μειιιειν
514 5147 611 5235 (quae
629 5151 664 5215 in
677 5149 894 5215 Laurentiano
913 5151 1043 5236 quidem
1062 5151 1146 5216 libro
1163 5173 1228 5216 nou
1243 5152 1289 5216 ita
1303 5148 1533 5235 scriptionum),

338 5238 457 5331 ii¹q11oe
481 5255 604 5322 addidit
631 5259 795 5323 verissime
822 5258 950 5323 videtur
976 5279 1104 5323 sensum
1128 5258 1224 5323 huius
1247 5258 1409 5343 participii
1431 5256 1534 5320 reddi·

343 5342 415 5417 diste:
431 5363 531 5427 nescia
552 5368 622 5428 erat
638 5363 752 5430 Medea
770 5386 834 5449 quo
852 5366 944 5451 prius
962 5364 1061 5431 verbo
1080 5387 1152 5429 eum
1171 5364 1397 5448 alloqueretur,
1420 5362 1536 5427 meluit

384 5461 486 5515 litlot!
498 5478 609 5526 opum·
622 5478 653 5518 Π.
1285 5473 1318 5521 12
