3925 6675
639 1115 690 1167 ns
708 1115 972 1166 nmsnoenarus
991 1116 1194 1178 reuulsus
1469 1114 1535 1179 289

259 1264 269 1343 ι’
337 1278 445 1357 χρηστόν
466 1299 498 1341 τι
520 1277 781 1358 βουλεύσασθαι.
819 1274 940 1353 Quodsi
964 1299 1040 1341 vero
1059 1277 1155 1341 huius
1174 1277 1349 1361 particulae
1368 1277 1452 1342 ratio
1471 1278 1536 1342 nisi

260 1366 267 1375 '¹
337 1377 382 1445 boc
401 1381 486 1448 modo
515 1387 662 1448 constare
689 1405 755 1448 non
782 1387 904 1468 potest,
930 1384 1109 1449 necessario
1133 1383 1195 1447 hoc
1217 1383 1336 1449 indicio
1361 1384 1534 1470 colligitur,

336 1485 382 1552 duo
398 1490 613 1573 praecessisse,
637 1513 773 1575 quorum
797 1491 984 1555 conceditur
1006 1490 1151 1574 alterum,
1175 1493 1310 1555 alterum
1334 1496 1480 1577 negatur,
1503 1497 1536 1557 et

337 1615 416 1661 verum
428 1619 494 1663 esse
509 1620 604 1683 quem
618 1597 694 1663 libri
709 1597 883 1662 ostendunt
896 1598 1127 1662 versiculorum
1143 1598 1295 1663 ordinem.
1330 1597 1415 1662 Nam
1430 1599 1537 1684 ipsam

335 1705 492 1770 arentiam
515 1703 592 1788 περὶ
616 1713 723 1771 ποτοῦ
745 1714 831 1788 γοῦν
853 1703 926 1769 ἐστι’
942 1722 995 1770 σοι
1015 1726 1132 1769 nomen
1152 1727 1218 1769 non
1236 1705 1423 1789 desiderare,
1446 1705 1536 1771 velut

335 1803 481 1875 lleiuekius
505 1809 581 1896 περὶ
604 1814 708 1877 πότον
731 1821 813 1888 νοῦς
836 1811 908 1877 ἐστί
928 1830 982 1877 σοι
1005 1811 1133 1895 maluit,
1160 1814 1237 1877 satis
1262 1816 1389 1879 constat
1413 1811 1535 1877 multis·

333 1935 380 1997 que
396 1917 544 2004 exemplis
568 1918 731 2003 Blaydesii
755 1919 892 1983 eruditio
916 1917 972 2005 (ad
996 1918 1025 1981 h.
1045 1916 1080 2002 l.)
1104 1918 1261 2002 probavit.

398 2022 499 2091 Unum
518 2031 628 2110 restat,
647 2025 733 2110 quod
753 2028 814 2090 etsi
832 2048 926 2091 nemo
946 2026 1159 2110 interpretum
1178 2026 1274 2091 verbo
1291 2028 1408 2113 tetigit,
1427 2032 1535 2092 tamen

333 2128 453 2197 credibile
485 2138 534 2198 est
566 2155 662 2198 unam
696 2156 734 2197 ex
768 2126 887 2220 causis
905 2133 1030 2198 traiecti
1063 2155 1174 2197 versus
1201 2133 1308 2220 fnisse.
1351 2134 1480 2199 Etenim
1509 2136 1536 2198 si

334 2230 498 2305 lieinskium
523 2240 688 2325 sequimur
711 2245 743 2305 et
766 2262 877 2305 versus
902 2241 947 2305 ita
970 2239 1156 2305 ordinamus
1551 2265 1577 2304 ιι

376 2349 438 2412 ΔΗ.
459 2349 505 2433 μὰ
528 2346 591 2412 Δί’
614 2346 684 2413 ἀλλ’
713 2349 884 2432 ἄκρατον
907 2339 1002 2412 οίνον
1026 2346 1159 2430 ἀγαθοῦ
1183 2348 1349 2430 δαίμονος.

257 2504 260 2513 ,
387 2455 440 2518 NI.
463 2455 555 2520 ἰδού
578 2453 608 2539 γ’
636 2455 816 2540 ἄκρατον.
840 2453 915 2538 περὶ
938 2462 1042 2520 ποτοῦ
1067 2463 1151 2537 γοῦν
1175 2452 1247 2519 έστί
1267 2470 1330 2520 σοι.

253 2578 261 2647 f
376 2563 437 2625 ΔΗ.
460 2568 540 2639 [σοις
563 2562 627 2647 γὰρ
651 2561 695 2627 ἂν
717 2564 889 2647 χρηστόν
911 2585 946 2625 τι
970 2563 1314 2644 βουλευσαίμεθα.

388 2670 440 2733 NI.
461 2681 531 2746 πῶς
554 2667 584 2734 δ’
613 2667 656 2733 ἂν
678 2669 819 2752 μεθύων
841 2671 1010 2753 χρηστόν
1034 2693 1069 2732 τι
1092 2668 1349 2751 βουλεύσαιτ’
1372 2668 1484 2753 ἀνήρ;

335 2791 382 2835 non
397 2776 493 2841 solnm
512 2779 658 2860 χρηστόν
677 2800 707 2840 τι
726 2777 997 2860 βουλευσαίμεθα
1014 2797 1109 2839 versu
1127 2778 1275 2860 proximo
1296 2776 1409 2840 iisdem
1428 2776 1537 2842 uerbis

336 2880 470 2967 excipitur,
493 2883 549 2948 sed
573 2883 660 2967 qnod
683 2882 812 2968 gravius
833 2887 891 2966 est,
915 2882 992 2948 ἰδού
1016 2879 1046 2965 γ’
1073 2883 1219 2966 ἄκρατον
1244 2904 1309 2966 quo
1333 2883 1480 2967 refertur,
1504 2883 1538 2947 id

265 3000 269 3013 ·
335 2983 400 3053 nullo
420 2989 585 3056 intervallo
609 2990 787 3055 antecessit.
824 2989 868 3054 Et
892 2994 941 3054 est
958 2988 1020 3054 hoc
1040 3010 1115 3053 sane
1135 2989 1173 3052 de
1192 3012 1280 3054 more
1299 2988 1539 3074 Aristophanis,

268 3148 272 3165 ,
335 3091 400 3158 velut
422 3095 612 3182 Thesmoph.
637 3097 712 3162 205.
736 3096 802 3162 206
834 3095 987 3162 κλέπτειν
1017 3095 1224 3181 ὑφαρπάζειν
1252 3120 1312 3161 τε.
1333 3149 1339 3160 .
1361 3093 1374 3184 ΙΙ
1395 3097 1472 3162 ίθού
1502 3120 1539 3180 με

332 3198 463 3269 κλέπτειν.
499 3202 586 3270 Nub.
609 3203 702 3268 1468.
725 3203 810 3269 1469
833 3212 988 3291 πατρῷον
1007 3204 1083 3268 Δία.
1104 3200 1117 3291 λλ
1139 3205 1215 3268 ἰδού
1235 3227 1271 3286 γε
1291 3205 1358 3269 Δία
1377 3213 1538 3291 πατρῷον.

270 3304 274 3398 ξ
331 3302 438 3388 Lyusb.
455 3311 530 3377 440.
549 3311 614 3377 441
640 3308 784 3396 ἐπιχεσεῖ
805 3311 1020 3393 πατούμενος.
1038 3310 1049 3395 ΙΙ
1067 3311 1143 3375 ἰδού
1168 3308 1198 3393 μ’
1225 3309 1371 3395 ἐπιχεσεῖ
1393 3315 1425 3377 et
1444 3332 1538 3396 saepe
1553 3337 1580 3377 ιο

267 3419 271 3490 ἲ
326 3412 460 3485 similiter.
497 3418 560 3485 Sed
592 3424 701 3484 tamen
734 3418 909 3485 cavendum
942 3422 1004 3500 est,
1037 3440 1077 3482 ne
1108 3418 1207 3482 nimis
1239 3420 1386 3504 angustis
1419 3417 1538 3483 finibus

260 3509 269 3598 i
323 3518 531 3612 lampensis
559 3526 726 3593 libidinem
755 3531 787 3591 et
814 3525 997 3591 libertatem
1021 3524 1334 3608 circumscribamus,
1362 3525 1418 3608 qni
1442 3547 1537 3609 saepe

252 3623 258 3668 ·’
318 3650 354 3694 ne
381 3634 541 3699 interiecta
573 3634 702 3718 quidem
730 3635 814 3699 inter
841 3633 955 3719 parilia
982 3633 1111 3719 refugit.
1149 3631 1249 3696 Velut
1276 3632 1338 3697 hoo
1366 3632 1436 3716 ipso
1465 3631 1536 3696 loco

245 3693 252 3730 λ

245 3739 247 3764 '
315 3735 362 3803 83.
379 3738 433 3824 853
455 3746 487 3806 et
511 3740 670 3807 160.162

259 3859 296 3920 18
463 3851 498 3913 τί
517 3846 557 3930 μ’
579 3848 620 3913 οὐ
643 3848 784 3914 πλύνειν
808 3846 864 3934 ἐᾷς
886 3850 953 3925 τὰς
974 3851 1131 3923 κοιλίας

463 3961 588 4021 καλεῖν
610 3979 645 4021 τε
668 3958 747 4032 τοὺς
770 3954 947 4039 ἀλλᾶντας,
970 3954 1054 4020 ἀλλὰ
1076 3958 1269 4039 καταγελᾷςς

365 4065 443 4127 ΔΗ.
466 4059 492 4128 ὦ
514 4073 619 4147 μῶρε,
641 4063 758 4139 ποίας
780 4064 947 4144 κοιλίας;

298 4169 356 4258 (ei.
379 4169 407 4235 2.
429 4169 447 4232 ’ί
472 4174 504 4234 et
531 4169 757 4256 13011309).
795 4168 854 4233 Av.
876 4169 970 4234 1231.
993 4168 1078 4233 1233

623 4277 725 4342 θύειν
747 4288 830 4354 τοῖς
851 4275 1074 4358 Ὀλυμπίοις
1096 4282 1210 4351 θεοῖς

463 4387 694 4469 μηλοσφαγεῖν
717 4406 752 4448 τε
774 4384 960 4467 βουθύτοις
983 4381 1039 4448 ἐπ’
1062 4382 1215 4466 ἐσχάραις
1550 4407 1576 4446 ιο

464 4500 584 4557 κνισᾶν
607 4488 635 4555 τ’
662 4490 789 4574 ἀγυιάς.
806 4493 818 4573 λ
834 4494 870 4555 τί
890 4493 933 4555 σὺ
957 4488 1075 4574 lipare,
1098 4493 1232 4565 ποίοις
1254 4495 1383 4565 θεοῑς;

291 4606 328 4665 et
355 4598 437 4664 ἰδού
459 4598 546 4682 quod
569 4598 696 4680 attinet,
718 4620 799 4682 quae
822 4597 976 4685 leguntur
999 4597 1033 4661 in
1055 4595 1206 4661 Nubibus
1225 4592 1321 4681 (870)

345 4707 442 4771 ΦΕΙ.
464 4704 565 4783 αὐτὸς
586 4706 712 4790 τρίβων
734 4712 803 4789 είης
826 4706 887 4788 ἄν,
911 4706 942 4769 εί
963 4703 1125 4788 κρέμαιό
1150 4726 1200 4785 γε.

368 4814 442 4877 ΣΤ.
466 4812 528 4878 οὐκ
550 4809 585 4889 ἐς
606 4815 763 4896 κόρακας;
786 4819 912 4898 καταρᾷ
935 4814 978 4876 σὺ
1001 4818 1046 4898 τῷ
1067 4809 1269 4896 deducentium

364 4921 441 4984 ΣΩι
464 4919 555 4985 idcir
576 4917 745 5004 κρέμαιό
768 4916 812 5002 γ’,
838 4920 882 4995 ὡς
905 4919 995 4983 λδιον
1018 4915 1204 5001 ἐφθέγξατο

290 5027 380 5095 ntis
403 5046 474 5090 esse
497 5027 680 5113 argumenti
702 5024 905 5109 arbitramur,
927 5044 968 5088 ne
991 5022 1051 5088 hac
1074 5022 1203 5106 quidem
1227 5024 1350 5087 ratione
1374 5025 1533 5086 mutatum

290 5133 447 5202 ordinem
470 5153 621 5198 ramnum
646 5132 689 5197 86
712 5136 745 5197 et
764 5131 805 5196 87
830 5132 920 5216 posci
943 5135 999 5195 aut
1021 5130 1152 5214 probari
1176 5127 1319 5215 posse*).

388 5364 455 5431 ’37)
473 5361 519 5417 Ad
536 5379 561 5417 v.
577 5367 611 5416 88
635 5370 694 5426 πῶς
716 5360 745 5417 β’
771 5360 808 5417 ἂν
831 5360 947 5431 μεθύων
970 5357 1088 5430 χρηστόν
1107 5378 1133 5412 τι
1153 5352 1326 5429 βουλεύσαιτ’
1349 5354 1433 5422 dedo,
1457 5353 1533 5422 quod

350 5462 483 5504 Vahlen!
496 5462 609 5513 οςοοοιιΙι
623 5462 655 5502 11
1286 5451 1318 5499 19
