3925 6675
401 1097 467 1163 41ss
597 1102 666 1151 niv.
686 1102 800 1152 mnsx
819 1100 1032 1152 nucmonun
1049 1101 1291 1152 nisnnnnsnn
1311 1084 1443 1171 rsorsot.

400 1261 605 1348 adiungimus
625 1263 759 1347 quaein
778 1263 916 1326 similem
935 1262 1126 1327 sententiam
1146 1261 1202 1326 sed
1221 1265 1258 1326 ut
1277 1261 1371 1326 nobis
1384 1261 1512 1326 videtur
1530 1262 1630 1346 psulo

401 1369 617 1434 obsonriorem
641 1370 773 1454 exponit
791 1367 895 1434 Varro
919 1369 959 1432 de
981 1369 1001 1434 l.
1021 1368 1056 1432 L.
1076 1387 1098 1431 v
1118 1369 1161 1433 23

534 1482 561 1540 et
583 1477 665 1559 quod
686 1482 770 1541 terra
792 1479 835 1541 sit
855 1477 977 1553 laumas,
999 1478 1068 1541 ideo
1087 1477 1116 1540 is
1133 1478 1286 1554 toleratos,
1311 1481 1451 1540 mortuns
1472 1477 1528 1558 qui
1550 1481 1635 1540 terra

535 1583 668 1648 obrutos.
705 1583 744 1646 ab
768 1603 801 1647 eo
823 1603 913 1664 quom
937 1589 1076 1648 ναανίααε
1098 1581 1303 1667 [Romanus
1325 1583 1438 1670 vulgo]
1462 1583 1636 1648 combustw

533 1696 584 1768 est,
603 1691 637 1753 in
655 1689 829 1772 sepulerum
848 1690 915 1753 eius
933 1689 978 1773 [h.
994 1711 1018 1754 e.
1039 1690 1072 1754 in
1090 1689 1197 1755 loonm
1213 1711 1285 1754 eum
1301 1689 1357 1754 ubi
1371 1689 1558 1755 combustus
1574 1693 1632 1773 est,

533 1797 573 1860 nd
592 1796 772 1881 obtegendo
791 1795 877 1880 ossa]
897 1795 1015 1861 abieno
1030 1797 1118 1878 plebe
1138 1818 1201 1862 ααα
1219 1803 1271 1880 est,
1294 1801 1357 1876 ant,
1378 1799 1460 1862 sios
1478 1801 1634 1878 enoeptnm

532 1909 576 1968 est
593 1905 708 1968 mortui
726 1904 771 1968 ad
785 1903 948 1984 familiam
963 1905 1176 1987 perpendam,
1196 1905 1339 1968 dossenis
1351 1905 1520 1986 perpendo
1538 1903 1631 1968 bomo
1651 1909 1670 1965 8

532 2016 577 2074 est
594 2016 715 2092 opertos
733 2007 782 2096 (ut
797 2011 961 2092 pontifices
983 2009 1090 2074 dicum
1112 2012 1194 2091 quod
1216 2011 1397 2075 internatus
1415 2011 1480 2092 sit),
1501 2009 1632 2091 tamdia

530 2117 657 2198 funesto
679 2122 790 2182 manet.

358 2247 384 2288 ro
397 2221 548 2308 Denique
577 2223 689 2290 Cicero
720 2226 755 2288 in
787 2245 824 2287 en
856 2227 948 2308 parte
981 2245 1077 2306 quem
1111 2223 1249 2287 diximus
1281 2223 1411 2288 secundi
1439 2223 1478 2288 de
1506 2223 1632 2309 legibus

398 2327 466 2414 (22,
480 2328 538 2417 57)
563 2331 675 2395 scribit
696 2331 788 2395 haee:

531 2458 586 2502 nee
608 2443 713 2502 tomen
739 2459 845 2502 eornm
869 2437 950 2522 [soil.
968 2438 1024 2519 qui
1046 2437 1164 2502 conditi
1186 2435 1272 2522 sent]
1296 2443 1368 2502 nete
1389 2437 1564 2521 sepulerum
1587 2443 1630 2502 est

413 2566 417 2572 ’
531 2545 738 2627 quaestinem
763 2545 851 2626 sacto
873 2549 901 2608 et
926 2565 1039 2626 porceto
1065 2565 1172 2610 coesus
1194 2550 1252 2621 est;
1285 2549 1312 2609 et
1341 2546 1424 2627 quod
1445 2565 1529 2610 αααα
1551 2565 1630 2608 com.-

532 2653 668 2716 mum'ter
690 2651 726 2716 iss
748 2652 891 2716 omnebus
912 2651 1041 2733 sepultis
1063 2651 1145 2715 venit
1172 2671 1244 2733 neu,
1271 2657 1307 2715 ut
1332 2651 1455 2716 homati
1477 2651 1631 2729 ennete,

436 2799 441 2806 ·
531 2758 567 2822 id
587 2764 653 2823 erut
671 2759 837 2840 proprium
859 2763 926 2822 tum
950 2759 985 2822 in
1008 2759 1058 2836 iis,
1082 2777 1157 2839 quos
1178 2757 1291 2822 bomne
1313 2759 1427 2822 iniecto
1449 2763 1631 2835 contexerat,

530 2885 658 2947 eumque
684 2886 799 2930 morem
827 2867 879 2929 ius
899 2863 1080 2946 pontificale
1102 2865 1273 2946 confirmat.
1319 2885 1396 2929 nom
1417 2866 1513 2946 prius
1535 2884 1630 2946 quom

532 2973 568 3036 in
586 2992 620 3037 os
639 2973 752 3036 iniecto
772 2971 860 3053 plebe
882 2975 938 3048 est,
962 2971 1063 3035 locus
1084 2970 1149 3034 ille
1172 2971 1233 3035 obl
1256 2977 1455 3036 crematum.
1479 2977 1531 3036 est
1554 2989 1629 3035 cor-

523 3099 596 3160 pus
613 3079 695 3142 nibil
707 3079 796 3142 babet
809 3077 986 3160 reliptonts:
1010 3078 1123 3141 iniecta
1134 3077 1231 3160 plebe,
1251 3083 1316 3141 tum
1335 3083 1501 3142 rnortnus
1518 3078 1629 3142 buma-

529 3191 579 3249 tus
596 3191 640 3249 est
657 3191 685 3249 et
701 3184 909 3266 sepulerum
932 3189 1059 3248 αοααιαν
1078 3205 1115 3248 ae
1133 3189 1198 3248 tom
1218 3185 1348 3266 deniqew
1366 3184 1465 3248 multa
1482 3184 1630 3267 relipioso

354 3317 381 3358 so
532 3293 604 3357 ἰανα
626 3291 840 3375 complectitur.

395 3398 450 3463 Sio
468 3400 553 3463 enim
569 3421 650 3483 quse
664 3398 803 3463 inlibris
827 3399 999 3483 deprsvstn
1013 3402 1089 3462 sunt
1107 3404 1172 3462 tum
1191 3404 1219 3463 et
1236 3398 1302 3464 illis
1318 3399 1347 3462 b.
1358 3420 1381 3463 e.
1396 3398 1523 3481 etpleba
1541 3418 1629 3464 eoen-

393 3511 446 3569 ίαν
468 3505 656 3591 corrigenda
682 3526 751 3569 esse
779 3504 856 3569 olim
886 3506 1056 3569 statuimus
1085 3525 1156 3569 oum
1180 3504 1267 3569 Festi
1291 3504 1511 3589 Varronisque
1539 3504 1627 3571 testi-

394 3612 512 3676 moniis
534 3612 661 3677 oollntis
683 3617 752 3676 tum
776 3612 840 3676 illis
865 3633 945 3695 qnae
970 3610 1081 3677 Cicero
1111 3612 1179 3697 ipse
1202 3612 1315 3677 scribit
1338 3611 1455 3678 ibidem
1476 3636 1506 3697 p.
1524 3612 1628 3696 1422

394 3740 453 3801 quo
476 3725 609 3801 tempore
631 3719 765 3801 incipiat
785 3718 958 3801 sepulemm
982 3738 1045 3784 esse
1068 3725 1095 3784 et
1116 3718 1265 3802 relipione
1286 3724 1441 3797 tenentem
1464 3742 1568 3804 neque
1587 3718 1627 3785 iis

395 3848 476 3910 quse
509 3825 634 3893 obiectu
666 3825 805 3891 vidimus
838 3848 1005 3891 movemur
1034 3830 1071 3889 nt
1103 3826 1294 3891 sententiam
1328 3830 1496 3891 mutemus.
1550 3824 1627 3890 Non

394 3936 523 4017 oportet
550 3932 740 4020 singillatim
768 3955 805 3997 en
832 3955 913 4019 quse
941 3934 1073 3997 suntin
1101 3930 1152 3997 his
1180 3932 1372 3998 testimoniis
1396 3932 1627 4019 interpretandi

394 4039 574 4106 subtilitate
597 4062 836 4126 persequamur,
859 4040 946 4125 quod
968 4044 1006 4104 nt
1030 4044 1077 4103 est
1101 4038 1248 4123 difficile,
1272 4040 1318 4105 ite
1340 4040 1374 4103 in
1398 4061 1494 4105 oense
1516 4044 1627 4105 nostre

392 4168 457 4211 non
481 4148 664 4232 requiritur.
711 4146 783 4212 Hoe
807 4152 891 4213 oerte
914 4152 1047 4232 apparet
1070 4169 1110 4211 ex
1134 4147 1298 4232 omnibns,
1321 4150 1503 4232 sepulerum
1526 4146 1625 4233 vulgo

393 4254 458 4319 dici
481 4255 612 4319 solitum
635 4256 743 4320 locum
767 4254 888 4338 inquo
911 4253 1009 4318 homo
1033 4258 1179 4319 mortuns
1203 4254 1348 4337 sepultus
1372 4258 1430 4337 est,
1454 4254 1520 4319 sive
1542 4276 1625 4319 oom-

353 4360 508 4427 subustus
540 4363 607 4425 sive
633 4360 786 4425 humatus
818 4360 1013 4447 intelligitur
1040 4360 1107 4425 sive
1139 4365 1312 4445 utrumque
1340 4382 1378 4425 eo
1406 4360 1501 4425 modo
1530 4382 1626 4445 quem

393 4465 504 4531 Cicero
528 4473 561 4531 et
582 4466 686 4533 Varro
715 4467 926 4532 subindicent.
972 4464 1021 4531 Ao
1052 4466 1233 4551 sepulerum
1258 4468 1343 4551 qnod
1367 4488 1483 4551 eorpus
1507 4467 1625 4533 mortui

393 4578 478 4637 terre
501 4572 653 4639 obrutum
676 4575 811 4658 recipiet
834 4572 945 4639 Cicero
968 4573 1115 4639 Plutonis
1144 4574 1300 4659 interpres
1324 4574 1477 4639 describit
1499 4596 1529 4659 p.
1552 4574 1625 4659 158,

392 4679 477 4743 idem
505 4680 568 4744 ism
597 4685 670 4744 snte
697 4703 728 4765 p.
750 4681 814 4744 154
841 4701 914 4745 oum
943 4682 1000 4765 qui
1022 4680 1160 4745 Athenis
1189 4704 1295 4747 mores
1322 4680 1477 4747 humandi
1505 4682 1626 4747 fuerint

392 4791 526 4851 enarret.
574 4786 636 4851 Sed
659 4786 847 4873 plerumque
871 4810 944 4855 oum
968 4787 1007 4853 de
1029 4788 1178 4870 sepsere
1201 4788 1326 4871 dicitur,
1349 4810 1464 4874 rogum
1489 4792 1521 4853 et
1540 4810 1621 4853 oom-

392 4893 528 4958 bnrendi
549 4916 643 4959 nsum
667 4894 806 4981 intelligi
828 4894 881 4959 vel
908 4896 964 4959 ills
988 4894 1173 4961 testimonio
1197 4900 1272 4960 sunt
1296 4916 1377 4980 quse
1405 4894 1488 4961 idem
1513 4892 1624 4959 Cioero

391 5003 412 5065 l.
426 5022 451 5066 o.
471 5024 501 5086 p.
519 5000 579 5065 151
606 5023 644 5065 er
667 5000 794 5085 legibus
817 5020 867 5065 xn
890 5002 996 5067 effert:
1028 5002 1109 5068 dnus
1130 5006 1203 5067 sust
1219 5008 1383 5085 praeterea
1410 5002 1489 5084 lepus
1511 5002 1549 5067 de
1569 5022 1624 5067 se·

386 5108 548 5190 pulerit,
569 5130 705 5191 quartem
727 5108 827 5173 altera
843 5110 1042 5189 privatorum
1066 5108 1228 5191 aedificiis,
1252 5108 1351 5174 altera
1374 5110 1453 5191 ipsese
1474 5108 1625 5191 seprelm's

391 5222 490 5280 cavet:
522 5236 599 5280 nam
630 5216 713 5297 quod
738 5237 845 5298 ropum
874 5215 1031 5281 bonumve
1056 5236 1169 5281 nonum
1197 5220 1276 5281 vetut
1298 5218 1431 5297 propius
1459 5216 1623 5297 sesuqintn

386 5322 482 5403 Mes
504 5322 594 5404 adipi
615 5324 706 5387 aedes
724 5322 846 5388 alternos
863 5322 960 5387 insito
979 5322 1113 5401 domino,
1136 5324 1315 5387 inomdinm
1335 5328 1453 5387 veretur
1471 5321 1622 5401 ooerbnm,
