3925 6675
526 1125 578 1176 DE
595 1124 773 1177 VERSIBUS
791 1124 1003 1177 NONNULLIS
1021 1124 1169 1176 Pacuvn
1186 1124 1341 1176 TRAGICI.
1488 1121 1555 1188 485

314 1308 358 1352 ea
380 1287 416 1352 in
437 1285 603 1352 codicibus
626 1286 711 1351 inira
729 1289 806 1371 post
823 1291 990 1350 antumant
1007 1285 1073 1349 ul
1093 1284 1255 1372 leguntur,
1277 1285 1334 1349 ubi
1353 1287 1429 1370 quia
1446 1284 1554 1351 locum

315 1414 388 1458 nou
414 1392 536 1458 habeut
563 1392 604 1457 ab
631 1391 809 1457 editoribus
839 1413 899 1476 pro
923 1392 1127 1477 interpolatis
1150 1391 1323 1477 habentur,
1351 1392 1467 1457 sedes
1489 1415 1556 1458 non

318 1498 404 1564 falso
432 1498 595 1584 adscripta
622 1503 707 1585 sunt,
734 1499 824 1563 cuius
851 1499 898 1564 rei
927 1519 1023 1564 causa
1049 1520 1116 1564 non
1144 1498 1357 1584 dignoscitur,
1385 1521 1495 1564 verum
1518 1502 1556 1563 nt

283 1604 387 1671 salia
409 1604 495 1690 apud
517 1606 604 1670 hunc
626 1607 873 1692 grammaticum
897 1626 955 1670 suc
975 1588 1231 1692 leunculos
1249 1604 1348 1669 Ennii
1368 1627 1450 1671 scen.
1468 1604 1556 1692 122),

321 1712 355 1776 in
379 1734 475 1796 quem
498 1712 650 1797 reposita,
672 1712 760 1796 quod
783 1713 846 1777 iam
869 1712 965 1777 unius
990 1711 1108 1777 codicis
1133 1717 1296 1778 corrector
1316 1712 1466 1796 instituit,
1489 1735 1556 1778 non

320 1817 442 1884 babent
464 1819 551 1902 quod
574 1819 783 1903 improbetur.
819 1817 859 1883 In
882 1840 977 1883 versu
996 1818 1128 1883 Pacuvii
1152 1817 1203 1906 (6)
1226 1819 1313 1903 quod
1336 1819 1456 1907 legitur
1478 1821 1557 1884 dici-

322 1930 373 1989 tur
390 1928 424 1990 et
442 1927 621 1992 orationem
640 1925 795 2010 impedire
812 1946 873 1990 nec
891 1947 1058 1990 mensurae
1076 1948 1189 2010 perere
1208 1929 1354 2011 apertum
1373 1930 1434 1991 est:
1458 1948 1556 2010 qnare

323 2029 383 2096 hcc
410 2053 430 2096 a
453 2031 562 2097 nescio
586 2053 650 2116 qno
674 2031 715 2095 ad
738 2031 963 2117 explicandum
988 2038 1154 2098 autumant
1178 2032 1337 2098 adiectum
1361 2032 1555 2097 deleverunt.

324 2135 359 2202 ld
387 2139 475 2222 quod
503 2160 542 2203 eo
566 2139 683 2204 certius
706 2139 812 2204 visum
836 2142 884 2203 est
907 2138 995 2223 quod
1017 2139 1080 2204 hoc
1103 2140 1209 2224 ipsum
1232 2141 1366 2204 verbum
1390 2139 1430 2203 ab
1454 2139 1555 2204 altero

327 2244 408 2328 qued
432 2244 628 2310 afferendum
652 2250 701 2311 est
718 2245 906 2311 testimonio
925 2246 1128 2332 grammatici
1147 2247 1246 2311 abest
1285 2245 1449 2311 Charisius
1469 2248 1554 2311 enim
1570 2269 1597 2311 ιι

327 2371 354 2434 p.
368 2350 422 2434 63,
443 2350 484 2414 ll
500 2350 539 2416 Κ.
562 2350 643 2418 haec
666 2352 792 2417 scribit:

458 2457 591 2523 ‘nuum
609 2479 722 2524 nomm
740 2480 757 2524 a
770 2460 925 2542 producta
942 2460 1056 2542 finitm
1073 2461 1139 2524 nisi
1150 2463 1361 2543 pereprinum,
1384 2460 1478 2525 edati
1495 2460 1556 2525 Ine

456 2564 583 2647 Sappho
600 2564 697 2630 Dido.
727 2586 807 2647 qnae
823 2566 892 2630 idco
910 2567 1042 2647 qnidam
1058 2565 1177 2631 Graece
1195 2567 1351 2632 detincre
1369 2567 1558 2647 aduerunt,

456 2671 551 2737 buius
571 2670 681 2736 Didus
702 2671 850 2754 Sapphus
873 2672 961 2737 Inus.
998 2673 1054 2737 sed
1075 2673 1187 2738 melius
1208 2679 1284 2739 asset
1304 2675 1472 2738 secuudum
1492 2674 1557 2738 La

457 2780 559 2843 tinam
582 2781 830 2844 mruuetrrdinem
853 2779 948 2844 buius
970 2778 1152 2862 Sapphonis
1174 2779 1313 2845 Didonis
1336 2781 1443 2845 dicere.
1480 2801 1558 2844 nam

455 2890 484 2949 et
501 2884 662 2951 Pacarius
678 2887 725 2950 sie
742 2886 885 2965 declinat,
909 2885 1048 2967 “filios
1069 2887 1145 2952 sibi
1160 2906 1381 2968 procreasse
1403 2887 1556 2951 cundem

449 3011 520 3072 per
548 2990 793 3075 Calypsonem
820 2992 1048 3057 antumant''
1077 2993 1243 3057 etAcems
1266 2991 1443 3056 “astodcm
1470 2993 1558 3057 adsi-

457 3099 555 3164 duum
577 3099 653 3165 Iani
680 3099 827 3181 adposuit
852 3099 1010 3183 cirpini’'.
1053 3099 1209 3181 Vcrpilins
1235 3104 1339 3164 auum
1365 3098 1448 3163 lanc
1468 3098 1557 3164 Dido

457 3212 486 3271 et
507 3205 624 3271 Allecto
647 3207 748 3271 dicem
770 3207 904 3272 mallit?

310 3309 409 3392 Quae
434 3312 491 3398 qui
514 3313 670 3380 curiosius
695 3314 868 3379 contulerit
890 3336 964 3379 cnm
989 3313 1055 3379 illis
1079 3334 1160 3397 quae
1182 3312 1220 3377 de
1239 3312 1349 3378 eadem
1369 3334 1403 3377 re
1421 3311 1556 3377 Priscia-
1569 3333 1596 3375 rc

304 3436 380 3487 nus
404 3421 557 3504 exposuit
580 3419 740 3507 intelliget
761 3419 857 3504 bunc,
880 3443 975 3505 quem
1001 3420 1147 3486 Charisio
1170 3442 1264 3485 usum
1290 3442 1357 3486 esse
1379 3422 1451 3505 ipso
1475 3424 1557 3485 teste

306 3531 465 3610 constet,
491 3547 573 3611 quae
600 3526 639 3593 de
661 3526 723 3592 bac
746 3527 893 3592 doctrina
916 3529 1056 3613 explicet
1079 3550 1098 3592 a
1122 3525 1269 3593 Charisia
1292 3549 1359 3592 non
1382 3528 1557 3611 repetiisse.

304 3629 384 3701 Sed
414 3631 580 3699 Charisius
611 3634 647 3698 in
677 3655 773 3699 versu
800 3633 934 3699 Pacuvii
967 3634 1207 3699 incommodum
1240 3635 1320 3699 illud
1349 3635 1465 3699 dicitur
1491 3655 1557 3699 uon

300 3731 434 3825 habet,
465 3760 577 3804 rerum
609 3743 717 3805 tamen
745 3761 873 3805 versum
900 3761 974 3805 cum
1003 3740 1144 3805 dimetiri
1173 3762 1326 3806 conamur
1353 3762 1436 3825 aqua
1462 3740 1557 3805 nobis

299 3840 441 3913 haeret
478 3843 553 3912 Sive
575 3845 662 3911 enim
685 3846 794 3911 omnia
812 3868 877 3911 uno
896 3869 993 3911 versu
1011 3848 1151 3932 amplexi
1169 3846 1368 3911 trochaicum
1386 3869 1556 3911 numerum

303 3952 534 4020 describimus
1526 4020 1529 4024 ,

455 4037 561 4126 Filios
583 4060 645 4126 abt
662 4079 841 4143 praeeesse
863 4061 994 4125 eandm
1011 4081 1071 4142 per
1095 4058 1299 4143 Calypsonem
1322 4065 1496 4137 annuant,

304 4168 388 4233 sive
411 4165 519 4232 verbis
542 4168 577 4231 in
601 4166 665 4232 duo
688 4165 840 4250 dispectis
864 4166 1035 4232 iambicam
1059 4188 1242 4231 mensuram
1264 4165 1483 4250 praeferimus,

1260 4272 1344 4355 filios

457 4379 528 4445 Sabi
544 4380 726 4463 micreassc
747 4381 878 4446 cundem
897 4401 956 4462 per
979 4379 1185 4464 Calypsonem
1208 4383 1381 4458 ammoni,
1570 4399 1597 4440 a

308 4490 439 4553 neutro
462 4486 559 4551 medo
582 4486 745 4573 contingit
766 4490 805 4550 nt
826 4488 1051 4551 nanciscamur
1074 4508 1138 4571 quo
1162 4487 1363 4570 acquiescere
1385 4484 1493 4550 liccat:
1519 4488 1557 4549 ut

311 4593 409 4658 enim
437 4591 520 4658 ulter
547 4592 713 4679 legitimos
736 4592 884 4677 quadrati
908 4593 989 4659 fines
1012 4592 1185 4680 excedit*)‚
1213 4594 1260 4658 ita
1282 4594 1363 4657 alter
1386 4614 1426 4656 nc
1449 4593 1558 4677 explet

411 4820 477 4891 ³82)
494 4820 559 4876 Nan
577 4820 692 4875 omnino
710 4820 763 4876 boc
782 4821 971 4877 mecmuenm
991 4837 1052 4876 esse
1071 4820 1141 4875 alibi
1159 4821 1289 4875 tractatis
1304 4820 1439 4890 exemplis
1454 4821 1557 4876 Teren·

314 4910 409 4965 tinnis
427 4909 548 4981 probare
567 4910 735 4977 studuimus,
754 4910 790 4964 de
808 4910 911 4979 quibus
929 4909 1057 4965 videmus
1077 4910 1174 4965 doctos
1193 4926 1310 4980 pergere
1324 4927 1407 4979 prave
1421 4910 1555 4964 iudicare.

316 4995 355 5053 ln
372 4998 490 5055 Pacuvii
508 5001 604 5053 sutem
620 4998 750 5067 reliquiis
768 5014 942 5068 quamquam
959 4998 1032 5053 talis
1050 5000 1200 5053 occurrunt

377 5093 430 5143 114
466 5085 657 5161 Epi-aenaeum
674 5089 796 5155 tremunt
813 5090 948 5157 aquata,
966 5089 1035 5143 aula
1051 5090 1155 5143 reconit
1172 5090 1277 5157 crepitu
1293 5090 1408 5152 musica,

377 5182 430 5232 10⁹
466 5179 573 5247 Perque
590 5183 714 5233 mom
731 5179 867 5248 eqrcpiam
886 5178 1098 5232 unanimitatem
1115 5194 1198 5245 qnam
1216 5177 1346 5231 memor-m
1364 5175 1484 5245 deturpat,

321 5263 501 5337 inpromptu
514 5268 567 5334 est,
580 5265 682 5336 quibus
692 5266 762 5320 baec
777 5264 1003 5320 dubitetionibus
1018 5266 1180 5320 obruantur.
1205 5263 1386 5336 [legitimum
1395 5279 1456 5317 esse
1470 5265 1555 5317 tetre·

324 5358 444 5411 neuun
462 5358 493 5410 et
510 5354 552 5409 sic
570 5354 774 5409 dimetiendum
