3925 6675
410 2008 532 2082 XLIV.
561 2006 714 2081 INDEX
741 2006 1021 2079 LECTIONUM
1049 2006 1376 2079 HIBERNARUM
1405 2009 1565 2098 1896f97.

354 2180 370 2235 ⁸
459 2183 508 2248 De
530 2182 654 2248 deliciis
677 2181 869 2266 quibusdam
893 2181 1050 2247 orationis
1070 2179 1267 2247 Catuflianae
1286 2204 1379 2269 agere
1398 2184 1601 2267 propositum

384 2295 431 2372 est,
452 2312 490 2356 eo
513 2288 651 2356 consilio
669 2294 707 2354 ut
725 2290 753 2354 si
771 2289 841 2354 fieri
860 2288 965 2374 possit
984 2290 1234 2354 enumerationis
1253 2287 1427 2353 lectionum
1446 2287 1602 2354 academi-

386 2417 477 2462 carum
495 2397 621 2463 ieiunae
639 2395 861 2480 aequabilitati
883 2395 1033 2461 nonnihil
1056 2395 1269 2461 admisceatur
1291 2396 1499 2462 iucunditatis
1522 2402 1555 2461 at
1573 2399 1602 2462 si

388 2503 431 2585 qui
446 2503 484 2568 ad
501 2503 581 2569 haec
599 2503 707 2569 studia
724 2525 759 2567 se
772 2502 848 2567 dare
862 2503 999 2587 cupiunt
1012 2503 1035 2567 ii
1050 2500 1189 2567 habeant
1203 2525 1267 2588 quo
1282 2503 1378 2568 huius
1391 2508 1506 2587 poetae
1520 2505 1601 2568 nati·

389 2629 445 2674 um
457 2616 655 2677 venustatem
670 2608 840 2696 degustare
853 2609 989 2695 possint.
1013 2606 1159 2674 Catullus
1174 2610 1259 2674 euim
1270 2611 1303 2674 in
1312 2609 1375 2675 hoc
1384 2609 1495 2675 libello
1505 2631 1600 2694 quem

391 2711 517 2783 Cornelio
530 2716 654 2802 Nepoti
672 2716 838 2802 inscripsit
855 2717 889 2780 in
908 2715 1053 2782 versibus
1071 2738 1285 2800 versuumque
1304 2717 1471 2801 particulis
1490 2717 1599 2781 variis-

393 2841 439 2903 que
464 2824 587 2890 dicendi
615 2824 757 2889 flosculis
785 2822 939 2889 iterandis
966 2844 1005 2888 ae
1030 2823 1272 2907 frequentandis
1299 2823 1416 2888 mirum
1445 2828 1600 2907 quantum

394 2926 439 2992 sibi
456 2929 584 3014 placuit,
606 2930 703 3017 longe
725 2929 761 2995 in
782 2952 821 2995 ea
843 2952 878 2994 re
901 2929 1066 2995 discedens
1089 2930 1129 2994 ab
1149 2929 1277 2995 Horatii
1300 2952 1410 2995 severa
1432 2928 1600 3016 elegantia,

394 3034 434 3116 qui
452 3059 642 3122 quamquam
659 3059 727 3103 non
745 3038 853 3102 omnia
871 3037 905 3101 in
923 3036 987 3102 hoc
1004 3058 1120 3122 genere
1139 3038 1233 3121 cavit,
1256 3037 1343 3122 quod
1361 3037 1492 3122 quidam
1510 3060 1599 3122 prae
1613 3068 1640 3108 ιο

395 3139 451 3206 elui
478 3145 537 3209 riri
568 3145 692 3229 opinati
718 3143 875 3210 nonnulla
901 3144 942 3209 ab
971 3166 1009 3210 eo
1036 3143 1262 3209 abiudicarunt
1290 3166 1371 3228 quae
1399 3148 1521 3209 certum
1550 3148 1599 3208 est

395 3265 448 3313 eun
466 3253 638 3338 scripsisse,
660 3254 768 3316 tamen
790 3250 874 3315 hanc
895 3250 1060 3316 licentiam
1083 3250 1146 3315 sibi
1168 3252 1231 3316 nisi
1253 3251 1456 3339 perangustis
1479 3250 1598 3316 finibus

395 3372 441 3419 nou
455 3360 605 3444 permisit.
639 3356 757 3425 Catulli
776 3358 928 3441 carmina,
946 3359 1031 3423 tanti
1049 3358 1173 3423 moduli
1192 3358 1418 3443 corpusculum
1438 3359 1526 3443 quod
1545 3361 1598 3424 rix

396 3459 493 3531 lutiam
513 3471 640 3551 partem
658 3464 800 3531 ambitus
818 3464 990 3531 Horatiani
1010 3467 1251 3550 complectatur,
1274 3470 1396 3550 quante
1416 3488 1513 3551 opere
1531 3489 1599 3533 ver·

395 3581 433 3631 uu
450 3572 603 3657 verbaque
623 3573 674 3637 bis
693 3577 782 3637 terve
800 3594 839 3638 ac
857 3574 985 3658 saepius
1003 3574 1111 3657 posita
1128 3573 1233 3639 ferant
1252 3573 1325 3658 quis
1342 3572 1467 3639 nescit?
1490 3572 1598 3657 Atque

395 3676 420 3734 ul
435 3679 591 3746 mittamus
614 3700 763 3745 versuum
788 3679 1025 3745 intercalarium
1044 3680 1111 3745 suis
1130 3679 1308 3745 intervallis
1327 3680 1529 3745 redeuntium
1549 3702 1598 3745 or-

394 3791 514 3852 namenta
531 3788 567 3852 in
580 3785 753 3851 Parcarum
772 3791 869 3852 cantu
887 3786 1038 3853 carminis
1059 3804 1142 3850 uxrv
1161 3790 1193 3852 et
1212 3787 1246 3852 in
1265 3791 1402 3871 utroque
1420 3786 1597 3871 hymenaeo

393 3879 447 3966 (tn
461 3897 492 3958 et
509 3892 612 3977 nnn),
639 3894 691 3958 vel
718 3916 755 3958 ea
783 3914 865 3977 quae
892 3893 932 3957 sd
958 3892 1197 3958 intercalarium
1224 3915 1369 3959 normam
1392 3894 1526 3979 propius
1550 3915 1597 3958 ac-

392 3994 490 4081 cedunt,
508 4002 543 4065 in
561 3999 669 4085 priore
686 3999 865 4084 hymenaeo
882 4002 955 4082 quie
970 4000 1044 4065 duic
1061 4001 1116 4065 deo
1136 3999 1359 4082 Cornpurcricr
1375 4001 1461 4065 aaut
1478 4001 1530 4064 64.
1545 4000 1596 4065 69.

392 4094 430 4186 74ς
454 4108 545 4174 uiden
572 4105 635 4194 (ut)
660 4109 746 4189 {acce
771 4107 965 4189 spondam
991 4104 1134 4193 (aureas)
1161 4109 1307 4189 quatiunt
1332 4127 1436 4173 motus
1464 4107 1514 4170 Π.
1539 4107 1596 4191 983
1611 4137 1636 4175 ro

386 4212 494 4283 Meus
510 4236 592 4281 noua
610 4221 710 4297 naua
729 4213 780 4279 95.
799 4214 852 4279 96.
873 4213 946 4280 100.
967 4214 1040 4279 110.
1061 4214 1138 4292 12ος
1161 4214 1332 4292 moechiae,
1350 4234 1443 4280 moes
1460 4215 1503 4279 da
1525 4213 1596 4278 135.

391 4312 443 4400 140,
461 4326 493 4387 et
510 4322 546 4386 in
563 4322 665 4386 altero
683 4321 829 4405 Hesperu
846 4323 902 4403 qui
919 4321 1002 4387 caelo
1018 4322 1119 4403 fertur
1136 4321 1290 4387 cusdelior
1308 4319 1399 4407 (lucet
1415 4320 1595 4404 iucundior)

388 4419 451 4501 lctis
465 4428 517 4493 20.
536 4428 589 4507 26,
613 4449 808 4513 quamquam
831 4428 872 4493 ad
893 4427 1011 4493 horum
1035 4429 1213 4494 carminum
1237 4431 1384 4494 uaturram
1407 4428 1596 4509 factasunt,

387 4528 471 4599 huon
499 4535 599 4600 huius
631 4540 745 4620 poetae
771 4535 880 4601 studio
909 4535 987 4620 quid
1015 4536 1152 4601 maxime
1180 4535 1354 4620 probatum
1382 4535 1481 4600 fuerit
1508 4539 1595 4621 pate

386 4629 491 4707 leuno
529 4640 593 4707 Sed
615 4646 692 4707 sunt
714 4642 778 4707 alia
800 4642 840 4706 ab
863 4641 926 4707 hoc
948 4663 1065 4728 genere
1089 4643 1229 4707 carmina
1251 4640 1391 4724 diversa,
1420 4664 1501 4726 quae
1524 4665 1596 4707 ean-

386 4738 439 4811 lsm
454 4749 641 4815 iteratorum
664 4770 814 4813 versuum
832 4748 1097 4814 consuetudinem
1116 4748 1187 4813 aliis
1207 4748 1296 4813 illam
1316 4747 1445 4833 quidem
1463 4749 1594 4814 rationi-

386 4843 431 4915 bus
453 4858 558 4922 nixam
585 4878 663 4941 prae
690 4878 725 4921 se
753 4856 871 4921 ferunt.
908 4854 1007 4920 Velut
1035 4856 1175 4921 carmine
1203 4873 1276 4919 nvn
1303 4878 1376 4921 cum
1405 4855 1457 4919 hic
1485 4877 1593 4919 versus

386 4957 486 5036 primus
513 4964 558 5028 sit
581 4962 716 5029 Pulchre
740 4964 879 5029 mevenit
905 4962 1056 5045 improbis
1082 4964 1223 5027 caudis
1249 4963 1397 5046 idemque
1425 4966 1593 5038 extremus,

386 5056 433 5129 ¹¹00
450 5074 541 5152 poeta
563 5069 658 5135 fateri
681 5069 810 5135 ridetur
831 5068 918 5154 quod
936 5068 1096 5154 principio
1115 5069 1227 5153 posuit
1245 5068 1489 5153 comprobatum
1510 5067 1592 5131 vide-

385 5163 445 5236 liat
466 5196 533 5241 esse
560 5178 601 5241 iis
628 5198 711 5261 quae
738 5175 879 5242 medium
903 5197 1031 5241 carmen
1055 5176 1248 5259 exsequitur.
1287 5174 1398 5239 Simile
1422 5174 1591 5239 consilium
1606 5199 1633 5238 ro

384 5280 469 5359 iperit
488 5284 641 5371 exiguum
665 5284 812 5369 quamvis
835 5304 963 5348 carmen
988 5300 1036 5346 1111
