3925 6675
410 1132 476 1196 370
645 1135 690 1186 Ll.
709 1135 825 1185 INDEX
843 1134 1057 1186 LECTIONUM
1075 1135 1307 1188 AESTIVARUM
1327 1139 1403 1189 1900.

408 1300 456 1360 est
484 1297 563 1380 quin
590 1295 672 1360 idem
698 1299 730 1360 et
753 1293 905 1382 Gorgiam
928 1295 1106 1380 sophistam
1131 1296 1294 1382 appellare
1318 1301 1350 1362 et
1373 1296 1514 1382 Hippiae
1537 1301 1637 1364 artem

407 1402 625 1488 sophistarum
649 1406 750 1467 artem
772 1404 927 1486 potuerit:
950 1403 1030 1468 adeo
1049 1403 1129 1468 haec
1146 1405 1210 1468 tria
1228 1405 1312 1468 inter
1331 1426 1365 1468 se
1384 1405 1580 1490 conspirant,
1603 1409 1641 1470 ut

406 1514 509 1574 semet
530 1510 669 1575 invicem
692 1511 792 1573 tutari
810 1497 987 1574 videantur.
1025 1509 1149 1587 Quibus
1169 1511 1265 1576 etiam
1285 1515 1435 1594 quartum
1455 1513 1489 1576 in
1508 1513 1639 1578 eandem

407 1618 597 1682 senteutiam
627 1616 700 1680 addi
727 1615 817 1700 licet,
845 1618 872 1680 si
901 1617 1031 1701 quidem
1059 1617 1211 1682 credibile
1236 1621 1286 1682 est
1309 1615 1473 1683 Socratem
1497 1641 1579 1703 quae
1603 1619 1641 1685 de

406 1722 619 1809 Anaxagorae
638 1724 764 1790 incuria
782 1723 967 1788 divitiarum
987 1723 1064 1788 dicit
1083 1723 1128 1810 (p.
1144 1724 1174 1807 3,
1189 1723 1257 1811 24),
1276 1725 1381 1801 οὕτως
1400 1726 1501 1790 αὑτὸν
1518 1725 1640 1809 ἀνόητα

407 1832 660 1914 σοφίζεσθαι,
686 1851 753 1894 non
775 1830 995 1894 immemorem
1019 1830 1237 1916 sophistarum
1261 1854 1339 1896 usus
1362 1831 1489 1897 dixisse.
1527 1831 1641 1916 Neque

406 1940 536 2001 nostrae
554 1937 732 2001 sententiae
749 1959 927 2022 repugnare
946 1937 1074 2020 dixeris,
1093 1937 1181 2022 quod
1200 1937 1359 2023 Socrates,
1378 1961 1458 2022 quos
1478 1939 1640 2024 sophistae

406 2065 475 2108 esse
493 2043 606 2127 voluit,
624 2065 866 2128 nonnumquam
885 2045 1014 2127 σοφούς
1032 2066 1206 2130 eorumque
1225 2049 1326 2111 artem
1345 2049 1470 2129 σοφίαν
1489 2046 1640 2130 appellat,

406 2150 495 2216 velut
508 2174 539 2236 p.
555 2151 585 2235 8,
599 2151 640 2215 21
658 2151 755 2217 ὁπότε
768 2163 902 2237 πρῶτον
915 2150 1010 2233 ὑμῶν
1024 2175 1069 2240 τῳ
1083 2162 1150 2217 τῶν
1166 2163 1282 2235 σοφῶν
1296 2152 1477 2238 ἐντύχοιμι,
1491 2176 1522 2238 p.
1533 2153 1585 2236 33,
1598 2153 1639 2218 19

367 2283 392 2321 ιο
406 2258 487 2343 ὑμῖν
505 2268 575 2335 τοῖς
594 2269 719 2342 σοφοῖς.
752 2257 878 2343 Quippe
897 2261 1042 2324 vetustos
1061 2259 1134 2324 illos
1149 2260 1310 2344 sapientes
1324 2263 1356 2323 et
1370 2260 1430 2324 hos
1445 2261 1639 2344 posteriores

406 2387 488 2449 quos
516 2365 677 2448 sophistas
703 2365 783 2429 dicit
804 2386 869 2430 uno
894 2386 1009 2451 genere
1033 2367 1238 2449 amplectitur
1261 2371 1514 2451 cunctorumque
1536 2371 1638 2431 artem
1654 2375 1691 2432 18

406 2474 528 2556 σοφίας
546 2472 677 2536 nomine
696 2472 736 2536 ab
755 2472 878 2536 artibus
897 2473 1111 2557 δημιουργῶν
1125 2474 1354 2560 segregandam
1370 2471 1498 2538 indicat.
1523 2473 1638 2550 Quam-

406 2577 516 2642 obrem
549 2579 576 2642 si
609 2579 682 2662 quis
714 2577 812 2643 verba
842 2581 904 2662 τὴν
930 2591 1000 2644 τῶν
1028 2591 1198 2663 σοφιστῶν
1226 2579 1345 2664 τέχνην
1373 2584 1480 2644 tamen
1508 2581 1638 2644 exulare

405 2686 510 2770 cupit,
538 2685 659 2750 omisso
683 2684 900 2770 sophistarum
923 2686 1067 2770 nomine,
1096 2707 1160 2770 quo
1183 2686 1267 2750 nihil
1290 2687 1460 2772 probatur,
1484 2708 1521 2751 eo
1545 2709 1638 2773 argu·

405 2795 514 2856 mento
538 2795 650 2856 utatur
673 2814 736 2877 quo
760 2815 837 2858 usus
861 2796 910 2857 est
933 2793 1002 2876 ipse
1020 2791 1177 2878 Nabaros,
1201 2798 1233 2858 et
1256 2814 1320 2878 quo
1345 2798 1467 2858 ceteros
1491 2795 1638 2877 quamvis

404 2899 502 2965 tacite
525 2898 599 2964 duci
620 2900 794 2964 verisimile
812 2903 870 2984 est,
893 2903 930 2963 ut
948 2898 1028 2966 haec
1047 2922 1116 2966 esse
1135 2921 1370 2986 supervacanea
1388 2900 1537 2984 affirmet,
1561 2921 1638 2984 quo-

404 3006 491 3070 niam
515 3027 596 3089 quas
616 3027 667 3070 ars
686 3005 812 3072 dicatur
830 3027 1009 3090 pronomen
1027 3007 1133 3090 ipsum
1152 3004 1228 3093 (τὴν
1246 3005 1423 3092 ὑμετέραν)
1441 3007 1520 3072 satis
1540 3007 1639 3094 signi·

404 3113 486 3176 ficet.
519 3111 607 3189 Quae
627 3112 721 3177 nobis
741 3112 856 3178 debilis
875 3135 943 3177 esse
962 3113 1134 3178 admodum
1154 3115 1391 3198 argumentatio
1409 3114 1546 3198 videtur,
1564 3113 1636 3178 tolli

405 3219 561 3322 quaedam
589 3224 627 3284 ut
653 3221 763 3304 spuria
787 3241 853 3284 nou
876 3218 1002 3285 eliade
1026 3241 1121 3285 causa
1145 3242 1241 3304 quam
1266 3219 1353 3305 quod
1376 3220 1416 3284 iis
1440 3222 1544 3286 oratio
1568 3243 1637 3286 sen-

366 3352 391 3391 so
404 3326 546 3392 tertiave
574 3348 680 3391 carere
707 3325 857 3411 potuerit.
894 3325 939 3392 Et
965 3326 1028 3392 hoc
1054 3329 1127 3393 loco
1155 3350 1349 3412 quamquam
1376 3327 1548 3394 obscurum
1571 3350 1637 3394 non

405 3438 473 3499 erat
493 3456 558 3518 quo
577 3434 721 3500 tenderet
738 3455 917 3518 pronomen
937 3432 1012 3520 (τὴν
1030 3434 1217 3522 ὑμετέραν),
1236 3439 1344 3500 tamen
1363 3438 1395 3499 et
1413 3434 1475 3500 hoo
1489 3438 1637 3521 reputan-

405 3539 481 3603 dum
501 3545 560 3625 est,
583 3561 656 3605 cum
675 3540 754 3605 haec
772 3562 823 3605 ars
842 3562 915 3605 cum
933 3541 1007 3605 aliis
1025 3541 1149 3606 artibus
1169 3541 1388 3624 contendatur,
1406 3563 1472 3607 uon
1491 3542 1636 3627 ineptum

404 3646 504 3710 fuisse
522 3668 593 3710 eam
612 3647 754 3731 apertius
773 3647 957 3733 significari,
977 3670 1080 3731 neque
1096 3647 1191 3713 nihih
1206 3669 1276 3713 esse
1290 3648 1552 3733 aequabilitatem
1568 3670 1639 3713 ora·

405 3753 514 3835 tionis,
537 3774 633 3835 quam
658 3753 767 3817 addita
789 3752 886 3818 verba
908 3776 974 3818 uon
997 3753 1111 3819 leviter
1134 3754 1285 3821 adiuvare
1307 3758 1453 3840 apparet:
1477 3754 1563 3821 οὑτω
1581 3756 1638 3821 καὶ

405 3862 465 3943 τὴν
488 3858 651 3945 ὑμετέραν
673 3862 746 3945 τὴν
768 3872 845 3926 τῶν
864 3872 1065 3945 σοφιστῶν
1084 3860 1203 3945 τέχνην
1222 3860 1458 3928 ἐπιδεδωκέναι
1477 3862 1530 3927 καί
1550 3857 1636 3927 εἶναι

403 3978 472 4033 τῶν
490 3966 637 4053 ἀρχαίων
655 3970 747 4045 τοὺς
765 3966 855 4053 περὶ
873 3970 943 4053 τὴν
962 3971 1110 4052 σοφίαν
1128 3969 1280 4053 φαύλους
1293 3970 1376 4048 πρὸς
1389 3968 1483 4053 ὑμᾶς.
1512 3966 1636 4045 Quibus

403 4074 590 4160 praemissis
608 4077 705 4160 paulo
724 4079 799 4159 post
817 4072 890 4162 (19)
910 4077 989 4140 satis
1009 4078 1075 4139 erat
1094 4074 1157 4141 dici
1171 4076 1267 4160 ὑμῶν
1281 4074 1480 4141 ἐπιδέδωκεν
1494 4074 1514 4159 ἡ
1529 4073 1636 4159 τέχνη.

494 4180 557 4247 Sed
581 4181 767 4247 diiudicatio
792 4183 820 4247 si
843 4204 906 4266 qua
929 4186 978 4247 est
1001 4202 1114 4247 causae
1137 4202 1204 4247 uon
1226 4186 1334 4266 potest
1356 4181 1494 4267 pendere
1512 4180 1575 4247 nisi
1595 4180 1635 4245 ab

403 4289 571 4373 explorato
594 4311 655 4353 usu
679 4288 858 4373 scriptoris:
882 4310 946 4372 qua
969 4289 1003 4353 iu
1026 4310 1060 4351 re
1084 4288 1259 4353 cavendum
1282 4294 1331 4355 est
1352 4310 1393 4353 ne
1417 4310 1499 4373 quae
1518 4286 1638 4353 similia

363 4421 389 4459 ,ιο
404 4400 481 4459 sunt
503 4396 652 4460 dissimili
676 4397 846 4460 metiamur
869 4416 1154 4479 mensuransque
1177 4394 1258 4460 illud
1276 4394 1514 4481 negligendum,
1537 4393 1637 4460 dialo-

404 4524 519 4589 gorum
548 4503 719 4585 scriptores
745 4523 813 4565 nou
840 4501 946 4567 solum
974 4507 1100 4585 curare,
1127 4502 1214 4587 quod
1242 4500 1525 4567 sermocinantium
1549 4504 1637 4567 vices

402 4612 542 4693 poscunt
564 4612 620 4673 aut
643 4608 787 4689 suadent,
810 4608 866 4672 sed
889 4608 986 4673 etiam
1009 4608 1187 4694 legentium
1211 4608 1414 4673 commodum
1437 4612 1636 4691 spectarent

403 4718 490 4779 recte
517 4719 550 4779 et
574 4714 669 4780 facile
691 4713 915 4799 intelligantur
936 4736 1020 4800 quae
1042 4714 1165 4779 volunt.
1207 4713 1269 4780 Sed
1292 4714 1457 4781 videamus
1481 4714 1634 4799 exempla.

536 4820 635 4905 Hipp.
657 4822 729 4885 mai.
748 4844 779 4905 p.
799 4822 833 4906 8,
852 4822 893 4885 21
941 4820 1040 4886 ὁπότε
1067 4832 1201 4906 πρῶτον
1228 4822 1323 4905 ὑμῶν
1349 4845 1395 4909 squ
1423 4832 1490 4887 τῶν
1518 4831 1635 4905 σοφῶν

617 4928 786 5013 ἐντύχοιμι
809 4929 916 5011 inquit
939 4926 1085 4993 Socrates

535 5034 617 5099 lbid.
637 5058 667 5120 p.
687 5034 740 5120 33,
760 5034 801 5099 18
849 5035 1036 5111 ἐπιδεικνὺς
1065 5032 1102 5101 δὲ
1129 5036 1190 5119 τὴν
1218 5034 1363 5119 ἐμαυτοῦ
1386 5034 1530 5119 ἀπορίαν
1552 5034 1634 5119 ὑμίν

616 5154 686 5219 τοῖς
709 5154 828 5227 σοφοῖς
850 5146 938 5229 λόγῳ
962 5136 1005 5206 αὑ
1029 5141 1094 5207 ὑπὸ
1117 5142 1213 5227 ὑμῶν
1231 5146 1524 5227 προπηλακίζομαι,
1548 5140 1634 5207 ἐπει-

616 5252 681 5315 δὰν
704 5248 893 5335 ἐπιδείξω*)

474 5390 537 5458 ⁸³⁸)
555 5388 588 5443 lu
610 5388 732 5458 repetita
754 5388 894 5444 sententia
917 5402 953 5443 ne
975 5388 1039 5456 quis
1062 5387 1194 5457 haereat,
1216 5386 1370 5443 contendat
1392 5388 1462 5443 haec
1485 5386 1515 5441 in
1534 5386 1633 5442 eodem
