3925 6675
545 1136 794 1189 seniorum
811 1137 850 1187 IN
870 1136 1063 1188 CICERONIS
1082 1137 1334 1189 ORATIONIBUS.
1497 1134 1562 1200 319

329 1298 527 1382 maluerunt,
554 1297 763 1364 coniectando
791 1302 944 1384 vagantes
971 1301 1010 1361 ut
1036 1297 1155 1362 assolet
1182 1319 1217 1362 re
1243 1319 1358 1381 perum
1386 1298 1562 1382 intellectu3

276 1413 316 1468 lo
330 1406 386 1472 sed
413 1428 451 1469 ea
477 1405 576 1470 verba
602 1406 712 1489 spuria
739 1426 808 1470 ease
835 1405 973 1488 primus,
1000 1404 1034 1468 ni
1062 1403 1219 1482 fallimur,
1248 1403 1429 1488 Madvigius
1453 1405 1562 1489 posuit

329 1511 567 1597 Muellerusque
598 1510 748 1596 eredidit,
778 1512 907 1596 putavit
933 1511 1020 1574 enim
1048 1510 1100 1575 his
1128 1510 1233 1576 verbis
1261 1516 1477 1577 enarratorem
1506 1510 1562 1576 oli·

330 1641 426 1703 quem
458 1619 659 1704 superiorum
691 1618 896 1704 sententiam,
929 1617 1048 1702 quibus
1081 1639 1162 1703 quae
1190 1617 1307 1682 Caesar
1339 1619 1418 1684 bene
1450 1619 1563 1684 feeerit

331 1725 467 1792 Rabirio
490 1731 732 1809 enumerantur,
753 1725 904 1791 nemum
926 1727 1051 1808 eaeepit,
1073 1745 1213 1790 eorruere
1233 1746 1297 1790 nore
1319 1727 1400 1805 sivit,
1421 1727 1513 1806 fuleil
1535 1733 1563 1792 et

329 1835 479 1900 evermu
500 1855 535 1898 re
553 1835 684 1916 forhrnu
701 1834 765 1916 fide
781 1833 929 1914 hodieque
944 1835 1082 1911 minet,
1106 1833 1139 1896 in
1158 1833 1302 1918 margine
1320 1831 1461 1898 breviter
1479 1855 1562 1898 eom·

330 1940 536 2025 prehendere.
569 1940 640 2018 Qua
657 1962 692 2004 re
710 1939 773 2005 hoo
791 1940 921 2023 quidem
935 1938 1086 2021 efficitur,
1105 1939 1137 2003 in
1152 1938 1262 2004 eadem
1277 1939 1562 2024 comprehensione

329 2070 370 2112 ne
392 2047 471 2113 haee
494 2047 558 2113 duo
582 2047 746 2132 comparia
768 2048 918 2132 legantur
940 2067 1079 2111 oerruere
1101 2066 1164 2110 uon
1186 2045 1259 2111 sivit
1278 2044 1351 2132 (12)
1375 2051 1408 2110 et
1426 2067 1481 2112 nee
1498 2067 1562 2112 eor·

329 2177 418 2221 ruere
434 2157 560 2238 potitur
583 2152 666 2242 (14),
688 2153 722 2218 id
745 2153 833 2238 quod
855 2152 936 2219 alios
959 2153 1133 2218 adduxisse
1152 2152 1301 2237 diximus,
1323 2157 1361 2217 ut
1379 2153 1488 2237 priora
1507 2152 1562 2217 ills

329 2261 504 2328 reiieianda
526 2265 701 2344 comerent,
724 2283 807 2345 qnae
830 2265 937 2325 tamen
961 2261 1058 2326 series
1082 2261 1153 2345 ipsa
1172 2260 1294 2344 optime
1313 2260 1460 2325 ordinata
1479 2261 1561 2325 tueri
1576 2287 1603 2328 ιο

329 2368 509 2434 videbatur.
546 2366 751 2434 Probabilius
769 2365 962 2454 Madvigius,
985 2368 1013 2432 si
1032 2368 1169 2432 alterum
1187 2371 1296 2432 utrum
1315 2367 1484 2433 delendum
1504 2373 1562 2452 est,

328 2476 392 2541 hoo
410 2476 570 2560 posterius
589 2497 714 2540 eomma
732 2474 843 2540 abesse
862 2474 986 2540 maluit
1021 2472 1113 2539 Unde
1131 2474 1210 2540 haee
1228 2474 1332 2539 oritur·
1351 2475 1454 2540 orstio
1473 2471 1561 2560 (nam

330 2583 433 2648 oeulis
464 2581 663 2647 subiicienda
694 2586 756 2664 est,
787 2585 825 2646 nt
856 2586 942 2647 reete
969 2581 1156 2646 aestimetur
1182 2603 1262 2646 neve
1289 2602 1350 2647 nos
1378 2580 1483 2666 speeie
1510 2581 1562 2646 de·

329 2686 500 2776 cipiamur)

597 2797 727 2880 equim
745 2795 935 2874 Romanum,
958 2801 1086 2860 oderem
1104 2796 1241 2860 ominem
1261 2815 1362 2875 suum,
1380 2797 1561 2874 studioseque,

598 2909 766 2982 aarum,
789 2903 998 2968 ohsewunhm
1021 2905 1073 2968 eui
1094 2923 1158 2968 neu
1178 2903 1316 2980 lubidine,
1340 2923 1403 2968 neu
1421 2902 1562 2984 turpibus

460 3089 467 3100 ὁ
597 3011 749 3092 imperiis
774 3010 982 3092 orepiditotum
1010 3015 1101 3091 atquae
1126 3011 1268 3088 iacturis,
1296 3009 1351 3075 sed
1372 3011 1561 3090 experientia

343 3103 526 3232 ''ww”
594 3118 783 3198 nuum
801 3117 1021 3198 anqrrfiweu
1038 3116 1187 3182 usum
1206 3119 1329 3198 ecee,
1347 3136 1486 3182 enuere
1499 3137 1562 3182 non

324 3193 406 3321 ¹:22,
419 3185 552 3337 pem*
598 3225 684 3302 sirit,
705 3223 797 3305 fideii
819 3229 847 3289 et
868 3225 1019 3288 sustinuit
1040 3244 1074 3287 re
1089 3225 1219 3305 fortune
1237 3223 1301 3306 fide
1318 3223 1465 3305 hodieque
1481 3243 1561 3288 sus-

597 3333 707 3397 tinet:
730 3352 795 3397 neo
816 3331 927 3397 iltius
949 3333 1055 3396 uuinsi
1078 3332 1175 3397 aciem
1190 3332 1401 3413 praestrinqit
1417 3330 1562 3415 splendor
1575 3358 1602 3397 ιι

595 3440 648 3504 sui
674 3440 813 3505 nomiuis
839 3460 895 3505 uec
920 3440 1034 3504 rueretis
1060 3440 1152 3521 quusi
1174 3438 1347 3505 lumimhus
1369 3439 1467 3522 officit
1489 3438 1561 3503 alti-

596 3546 670 3610 tudo
690 3547 838 3627 fortunae
858 3552 888 3611 et
906 3546 1035 3629 qloriue.

328 3650 368 3717 ln
389 3651 442 3717 his
465 3652 505 3717 de
527 3651 745 3718 additamento
767 3654 796 3717 si
815 3653 980 3737 quaeritur
999 3652 1086 3737 quod
1105 3654 1138 3719 in
1158 3652 1303 3737 margine
1322 3652 1560 3737 adscripsimus,

328 3780 394 3823 non
416 3758 480 3823 hoc
503 3758 688 3842 obiicimus,
712 3781 778 3825 non
801 3759 881 3824 satis
903 3781 1058 3846 apparere
1082 3758 1160 3845 quid
1183 3764 1400 3825 enarratorem
1424 3760 1561 3825 moverit

329 3871 366 3929 ut
388 3864 439 3930 his
463 3886 545 3950 quae
567 3870 676 3950 aperte
699 3865 820 3951 scripta
842 3871 934 3931 erant
956 3867 990 3930 in
1014 3866 1157 3953 margine
1178 3866 1350 3931 eorundem
1369 3870 1560 3933 sententiam

329 3972 470 4037 breviter
492 3973 755 4056 eomprehensam
779 3973 945 4055 adimeret,
967 3995 1078 4037 verum
1101 3972 1181 4037 illud
1205 3972 1349 4055 dicimus,
1372 3974 1453 4037 inita
1476 3996 1561 4039 eom·

328 4080 496 4163 paratione
523 4101 589 4145 non
616 4079 718 4145 videri
745 4079 838 4145 illum
866 4080 1135 4165 comprehendere
1164 4102 1245 4163 qnae
1275 4081 1381 4165 posits
1404 4085 1494 4144 eraut
1518 4116 1561 4127 —

329 4210 394 4271 quo
422 4186 509 4251 enim
529 4188 656 4269 patitur
682 4207 720 4251 ae
746 4207 812 4253 non
836 4208 952 4270 poenes
978 4194 1035 4267 esi,
1064 4192 1097 4252 et
1123 4208 1180 4251 eur
1206 4189 1342 4251 emimus
1367 4188 1560 4269 prudeueuu

329 4315 426 4377 quem
448 4294 558 4377 potins
580 4294 808 4375 impmdeutem
825 4295 989 4379 appellare
1008 4294 1167 4360 debebat?
1187 4331 1228 4339 -
1248 4294 1302 4357 sed
1323 4294 1509 4359 continuare
1528 4298 1561 4357 et

328 4401 523 4487 amplificare
551 4402 633 4465 velle
661 4422 743 4484 quae
771 4401 890 4485 scripta
917 4408 995 4466 sunt
1021 4402 1168 4483 hodieque
1190 4402 1332 4479 molinet,
1362 4400 1480 4484 quibus
1504 4400 1560 4465 ills
1573 4426 1600 4465 ao

329 4528 383 4573 uec
408 4529 439 4573 u.
456 4530 491 4591 p.
518 4527 658 4573 domuere
678 4508 804 4588 potitur
830 4512 978 4573 aoourate
1007 4510 1037 4573 in
1063 4508 1194 4573 eandem
1217 4510 1356 4573 formam
1379 4512 1411 4573 et
1434 4511 1560 4573 senten-

328 4617 408 4681 tiam
440 4614 662 4680 adneotuntur.
699 4612 813 4697 Itaque
845 4612 908 4678 hoo
939 4612 1155 4697 quaerendum
1188 4618 1250 4695 est,
1283 4612 1359 4696 quid
1388 4612 1479 4677 illum
1508 4613 1560 4679 ad-

329 4722 469 4805 duxerit,
496 4724 533 4785 ut
555 4720 620 4785 hoe
640 4720 727 4802 loeo,
754 4719 811 4785 ubi
833 4720 869 4784 in
890 4720 984 4785 libris
1007 4720 1173 4805 leguntur,
1196 4720 1274 4784 haee
1298 4719 1394 4785 verba
1417 4719 1560 4784 addenda

328 4830 488 4895 curaverit
510 4832 543 4893 et
565 4850 630 4912 qua
651 4828 698 4893 ibi
721 4826 863 4891 utilitate
885 4826 1010 4893 adiecta
1032 4827 1208 4891 videantur.

418 4933 482 5001 Sed
513 4936 605 5020 prius
636 4934 799 4999 videamus
827 4934 989 5018 proxima,
1019 4954 1073 4999 uec
1102 4934 1187 4999 ruins
1214 4935 1318 4998 animi
1345 4936 1442 4999 anien
1465 4956 1559 5016 prue-

327 5044 455 5127 stn'nqit
480 5042 626 5126 splendor
651 5042 946 5108 meminiret.
984 5040 1032 5105 De
1056 5040 1173 5125 quibus
1196 5038 1380 5128 Madvigius
1403 5042 1449 5105 ita
1472 5042 1558 5125 dicit,

328 5154 403 5234 post
426 5148 483 5215 illa
503 5148 651 5232 hodieque
672 5150 802 5215 erudisset
825 5147 967 5213 ‘transiri
987 5148 1027 5211 ad
1046 5148 1225 5233 generalem
1246 5146 1391 5213 Caesaris
1410 5146 1557 5213 laudem?

329 5256 391 5322 Sed
419 5278 488 5323 eam
515 5256 643 5323 laudem
668 5255 813 5322 Caesaris
842 5256 869 5321 is
892 5256 949 5340 qni
972 5260 1078 5321 toturn
1101 5254 1346 5341 argumentandi
1369 5276 1486 5319 nerum
1513 5276 1559 5319 re·

328 5365 424 5448 spirit
453 5362 615 5450 intelliget
641 5384 706 5428 non
734 5366 781 5429 ita
807 5364 988 5450 generalem
1016 5384 1085 5427 esse
1113 5368 1149 5427 ut
1176 5384 1240 5427 non
1269 5362 1427 5426 referatur
1453 5360 1493 5425 ed
1521 5383 1558 5425 ea
