3925 6675
685 1154 936 1218 ouaas‘nonas
954 1154 1264 1207 amsuoanannan.
1523 1153 1588 1217 293

346 1320 388 1380 ut
420 1336 464 1380 ne
496 1315 725 1381 abundantiam
756 1315 885 1400 quidem
913 1317 1001 1381 ultro
1029 1338 1063 1381 se
1091 1316 1278 1380 offerentem
1306 1315 1476 1400 superbius
1503 1337 1589 1381 aven

347 1426 488 1487 aaretur.

443 1526 480 1593 Si
504 1529 578 1613 quis
598 1551 684 1595 nuno
702 1534 844 1614 quaerat,
867 1551 932 1614 quo
950 1551 1002 1592 res
1020 1529 1100 1594 haee
1118 1530 1280 1614 pertinet?
1311 1527 1403 1612 Illuc,
1425 1534 1462 1593 ut
1479 1528 1590 1594 lleole·

348 1636 552 1701 siazusarum
576 1635 725 1722 exemplo
748 1635 959 1722 intelligatur,
982 1634 1111 1701 Platoni
1135 1636 1274 1702 adimere
1295 1658 1361 1701 non
1379 1635 1485 1719 licere,
1508 1657 1589 1719 quae

349 1764 416 1807 non
448 1747 587 1826 possunt
613 1765 679 1807 non
702 1743 772 1808 dari
794 1741 1016 1828 Aristophani.
1052 1742 1183 1808 Etenim
1209 1741 1357 1808 Socrates
1381 1744 1415 1808 in
1439 1743 1589 1828 apologia

351 1851 402 1913 sui
426 1850 457 1913 si
480 1851 610 1934 seriptis
631 1849 724 1915 libris
746 1851 843 1915 fidem
867 1850 1022 1915 habemus
1046 1851 1092 1914 ita
1113 1851 1259 1934 loquitur
1282 1873 1312 1935 p.
1333 1850 1404 1915 180

515 1953 628 2022 ἕκειτά
650 1959 737 2023 εἰσιν
761 1951 853 2023 οὗτοι
877 1958 914 2022 οί
928 1959 1108 2042 κατήγοροι
1126 1956 1244 2023 πολλοὶ
1263 1956 1318 2023 καί
1337 1961 1446 2024 πολὺν
1465 1960 1589 2042 χρόνον

516 2065 579 2147 ἤδη
597 2068 869 2149 κατηγορηκότες,
886 2060 936 2130 ἔτι
956 2063 994 2129 δὲ
1011 2061 1066 2128 καί
1085 2062 1123 2130 ἐν
1141 2065 1243 2149 ταύτη
1258 2075 1297 2150 τῇ
1311 2064 1422 2151 ἡλικίη
1437 2065 1589 2147 λέγοντες

515 2173 598 2252 πρὸς
625 2170 724 2254 ὑμᾶς,
751 2170 790 2237 ἐν
816 2164 838 2257 ή
866 2169 909 2236 ἀν
931 2171 1073 2255 μάλιστα
1096 2168 1320 2256 ἐπιστεύσατε,
1348 2173 1463 2248 παῖδες
1486 2174 1588 2255 ὄντες,

515 2273 600 2342 ἔνιοι
618 2278 639 2342 d
647 2276 656 2302 '
673 2278 768 2360 ὑμῶν
781 2276 837 2343 καὶ
849 2277 1013 2362 μειράκια,
1032 2277 1175 2362 ἀτεχνῶς
1189 2276 1314 2361 ἐρήμην
1327 2287 1589 2363 κατηγοροῦντες
1603 2299 1629 2339 ιι

514 2383 789 2467 ἀπολογουμένου
812 2384 959 2461 οὐάενός.

342 2483 518 2555 tllimirum
546 2491 634 2556 aliud
661 2496 711 2556 est
738 2490 860 2576 ἐρήμας
886 2500 1030 2574 τρυγᾶν,
1057 2491 1145 2555 aliud
1168 2489 1293 2576 ἐρήμην
1316 2503 1528 2576 κατηγορεῖν,
1556 2497 1590 2557 et

369 2591 425 2660 boe
443 2597 517 2680 quid
540 2597 584 2662 sit
606 2596 748 2662 breviter
768 2597 846 2663 lieet
864 2597 1020 2682 Hesychii
1044 2598 1150 2663 verbis
1174 2597 1335 2664 declarare
1353 2601 1400 2664 ita
1419 2599 1588 2665 scribentis

378 2697 472 2786 ἐρήμη·
493 2706 680 2788 μονομερής
702 2705 789 2788 δίκη,
813 2705 894 2770 ὅταν
917 2706 961 2790 μή
985 2703 1176 2786 ἀπαντήσας
1197 2703 1215 2769 ὁ
1235 2706 1437 2790 διωκόμενος
1456 2705 1509 2771 ἐπὶ
1527 2708 1589 2790 τὴν

382 2810 468 2888 τρίσιν
493 2811 660 2896 διαιτήθη.
698 2810 761 2876 Sed
788 2816 896 2878 tamen
924 2812 957 2875 in
981 2810 1042 2875 liae
1065 2811 1245 2877 differentia
1268 2834 1346 2876 usus
1371 2823 1429 2896 της
1453 2811 1588 2896 ἐρημίας

385 2913 451 2980 tolio
473 2915 566 3002 plane
593 2916 704 2982 eadem
730 2923 793 3002 eat,
819 2919 887 2983 sive
909 2918 949 2982 ad
972 2919 1137 3003 τρύγησιν
1160 2919 1228 2983 sive
1250 2918 1292 2983 ad
1315 2921 1518 3002 κατηγορίαν
1541 2941 1587 2983 re

343 3044 346 3079 ι
388 3014 472 3105 arur,
500 3025 526 3088 ai
556 3024 686 3109 quidem
713 3024 775 3090 hae
802 3045 880 3090 voce
906 3025 970 3091 hoo
998 3024 1171 3110 indicatur,
1198 3047 1265 3090 non
1292 3025 1402 3090 adesse
1430 3047 1502 3090 eum
1531 3026 1588 3110 qui

344 3114 352 3231 l
391 3123 468 3194 *lene
494 3133 602 3214 potuit
628 3136 686 3196 aut
713 3131 833 3197 debuit.
875 3131 1091 3208 Quamobrem
1119 3133 1154 3196 in
1182 3131 1323 3197 Socratis
1351 3133 1495 3198 oratione
1522 3154 1587 3196 non

347 3234 355 3360 ή
392 3229 466 3300 Μαι
489 3237 689 3303 abundanter
715 3239 757 3303 ad
784 3236 910 3323 ἐρήμην
937 3248 1201 3322 κατηγοροῦντες
1229 3239 1380 3304 adiicitur
1403 3239 1588 3323 ἀπολογου-

350 3363 355 3424 l
393 3333 463 3414 λίην
482 3346 634 3429 οὐδενός,
660 3368 756 3430 quam
781 3346 822 3412 οὐ
845 3349 1017 3431 παρούσης
1040 3343 1121 3428 ἐμοῦ
1144 3347 1184 3411 ad
1207 3345 1329 3430 ἐρήμας
1351 3350 1529 3431 τρυγήσειν
1553 3347 1587 3412 in
1601 3366 1629 3407 ao

351 3427 355 3540 l
394 3448 499 3516 'arabus
529 3451 834 3518 Eoolesiaausarum.
876 3451 990 3537 Itaque
1022 3454 1138 3518 mirum
1171 3476 1236 3518 non
1269 3459 1332 3538 est,
1365 3455 1452 3539 quod
1485 3476 1588 3539 nuper

351 3547 356 3660 l
393 3541 634 3624 llHarumus
662 3559 697 3624 in
723 3558 835 3625 libello
863 3561 1028 3646 eleganter
1054 3562 1191 3645 scripto,
1222 3583 1287 3644 quo
1316 3560 1524 3627 ‘emblemata
1552 3561 1587 3626 in

351 3663 357 3704 '²
393 3646 498 3730 Platonis
523 3670 616 3731 textu
645 3666 753 3731 obvia’
781 3671 838 3732 aut
862 3666 903 3732 ab
926 3666 999 3732 aliis
1023 3671 1080 3731 aut
1102 3690 1122 3731 a
1144 3690 1177 3732 se
1200 3668 1306 3751 primo
1330 3669 1503 3754 patefacta,
1531 3689 1588 3752 per

343 3775 344 3796 ¹
393 3769 508 3841 (Μήνη
525 3794 646 3859 genera
663 3772 829 3858 disposita,
846 3774 979 3860 collegit
993 3778 1026 3838 et
1039 3772 1224 3858 illustrarit,
1244 3773 1386 3839 Socratis
1401 3776 1588 3873 orationem,

393 3883 456 3946 qum
475 3878 584 3944 multis
607 3879 727 3964 ineptis
749 3879 977 3945 additamentis
1000 3880 1207 3965 oonspiouam
1230 3882 1341 3965 habet,
1369 3882 1404 3946 in
1426 3881 1486 3945 hac
1510 3903 1588 3965 quo-

393 3989 432 4053 llt
443 3990 525 4068 parte
541 4008 671 4051 manum
685 3986 957 4072 interpolatrioem
973 4009 1157 4073 perpessam
1172 4009 1242 4053 esse
1256 3986 1442 4073 Hirsohigio
1457 3990 1588 4051 auctore

343 4145 344 4150 ,
392 4079 527 4158 abiem
546 4092 644 4159 verba
662 4092 937 4177 ἀπολογουμένου
956 4094 1092 4171 οὐδενός
1110 4099 1223 4179 utpote
1242 4094 1428 4159 ‘Atticiamo
1447 4093 1587 4158 funesta'

343 4175 344 4222 l
391 4199 508 4263 moveri
539 4199 645 4265 iussit
688 4199 751 4277 Qui
779 4201 858 4285 quid
885 4201 925 4267 de
952 4200 1247 4266 Eoolesiazusarum
1275 4223 1370 4266 versu
1398 4200 1587 4265 iudicaverit

390 4302 524 4371 luamus:
547 4328 608 4372 nos
631 4307 678 4371 ita
701 4329 883 4392 oensemus,
904 4308 1157 4393 Aristophanem
1181 4330 1280 4393 aeque
1304 4309 1413 4375 Attioe
1437 4307 1527 4392 loqui
1550 4328 1587 4371 ao

390 4394 533 4500 Pldonem,
560 4419 595 4480 et
616 4414 656 4480 de
679 4437 825 4480 sermone
847 4416 875 4480 si
898 4420 1030 4501 agatur,
1057 4416 1143 4499 quod
1166 4414 1216 4480 illi
1239 4437 1305 4479 non
1328 4414 1529 4501 displiouerit
1552 4415 1587 4479 in
1600 4431 1628 4472 ιν

389 4503 504 4585 Μήνη
530 4521 678 4587 oratione
704 4522 916 4589 iambioorum
944 4544 1108 4607 versuum,
1139 4543 1180 4586 ne
1209 4521 1332 4587 Socrati
1360 4521 1489 4606 quidem
1516 4521 1587 4587 Pla·

386 4616 464 4690 llbioo
492 4628 678 4694 indecorum
710 4630 826 4713 fuisse,
857 4651 930 4694 oum
958 4630 1147 4714 praesertim
1174 4628 1253 4693 haee
1281 4628 1458 4713 ἀπολογία,
1489 4630 1586 4694 etiam

385 4721 492 4816 tenpus
518 4734 669 4801 omnibus
697 4759 778 4820 quae
801 4736 885 4802 demi
908 4736 1044 4821 eupiunt
1066 4734 1263 4801 Batavorum
1287 4736 1404 4820 oritioi,
1432 4758 1497 4800 non
1521 4741 1587 4800 tam

381 4844 491 4923 uuae
523 4841 651 4908 dioendi
682 4865 799 4931 genere
830 4847 941 4909 utatur
967 4864 1065 4928 quam
1093 4842 1185 4929 largo
1214 4847 1247 4907 et
1274 4842 1362 4925 quod
1390 4844 1588 4926 exspatiatur

376 4935 452 5013 lilius
477 4954 510 5013 et
537 4949 675 5034 quadam
702 4950 916 5035 amplitudine
943 4972 977 5015 se
1005 4950 1116 5033 laetat,
1143 4972 1183 5013 ne
1211 4949 1290 5033 quid
1318 4949 1357 5013 de
1384 4970 1518 5013 numero
1542 4948 1588 5011 di·

374 5069 474 5138 eamus,
495 5055 548 5120 eui
571 5077 720 5122 veremur
741 5079 782 5122 ne
805 5055 933 5121 sublata
955 5056 1053 5121 verba
1076 5055 1349 5139 ἀπολογουμένου
1373 5055 1512 5131 οὐδενός
1535 5053 1587 5118 de·

370 5159 541 5228 timentum
564 5163 708 5228 mame

442 5268 518 5335 Non
540 5271 650 5336 minus
671 5292 742 5356 nos,
763 5272 827 5336 nisi
846 5270 931 5336 fallit
950 5271 1070 5355 opinio,
1094 5269 1331 5335 adolescentula
1350 5269 1587 5352 Aristophanea

359 5376 518 5443 adiuvabit
540 5377 574 5442 in
597 5377 699 5443 altera
721 5398 817 5442 eausa
835 5399 930 5461 quam
951 5376 1100 5447 diximus.
1138 5376 1223 5441 Nam
1242 5377 1329 5460 quod
1347 5375 1504 5441 translato
1522 5396 1585 5440 ser·
