3925 6675
731 1147 736 1165 ,
770 1117 821 1168 ou
838 1116 1039 1169 suaoosm
1057 1116 1207 1168 mmmo
1227 1117 1288 1172 vu
1564 1112 1626 1177 187

385 1299 473 1363 quae
498 1282 576 1344 suut
593 1301 622 1343 v.
642 1278 707 1344 278
721 1300 791 1364 sqq.
813 1277 1016 1364 persuadent.
1054 1275 1102 1343 cf.
1122 1295 1184 1342 vm
1202 1277 1268 1342 306
1282 1299 1353 1362 sqq.
1390 1275 1453 1342 Sed
1477 1299 1570 1360 saepe
1594 1277 1629 1342 iu

385 1385 687 1471 eomparationibus
711 1385 894 1451 Homericis
921 1386 990 1450 sine
1018 1384 1085 1450 ulla
1112 1385 1258 1469 quaesita
1285 1383 1499 1450 collocatione
1526 1406 1627 1448 unum

387 1492 522 1577 quidem
540 1493 676 1559 verbum
694 1493 828 1579 ponitur
846 1492 903 1556 sed
920 1492 956 1557 in
973 1492 1126 1577 primaria
1145 1490 1313 1574 sententia,
1331 1490 1406 1556 inde
1424 1496 1461 1555 ut
1479 1490 1630 1555 audiatur

387 1599 422 1663 in
446 1599 576 1665 adiecto
600 1598 709 1683 simili,
731 1599 821 1665 velut
843 1598 881 1665 II
900 1598 1011 1664 11394

749 1705 892 1790 Ἀργεῖοι
917 1703 954 1772 δὲ
977 1705 1049 1791 μέγ’
1077 1705 1204 1790 ἴαχον,
1228 1706 1273 1783 ὡς
1296 1705 1350 1771 ὅτε
1372 1714 1459 1790 κῦμα

554 1812 635 1898 ἀκτῇ
658 1811 711 1897 ἐφ’
738 1813 850 1899 ὑψηλῇ
874 1812 928 1878 ὅτε
951 1815 1070 1899 κινήσῃ
1094 1816 1205 1890 Νότος
1227 1812 1339 1878 ἐλθών

388 1922 442 1986 vel
464 1938 529 1985 m
547 1920 614 1986 406

552 2026 639 2093 ἕλιιε
663 2024 701 2093 δὲ
724 2028 846 2110 δουρὸς
868 2025 954 2094 ἑλὼν
976 2023 1061 2110 ὑπὲρ
1085 2028 1238 2110 ἄντυγος,
1262 2028 1308 2105 ὡς
1330 2027 1384 2092 ὅτε
1407 2052 1457 2104 τις
1481 2028 1553 2111 φώς

552 2133 655 2220 πέτρη
678 2131 733 2200 ἔπι
755 2138 919 2220 προβλῆτι
941 2137 1132 2219 καθήμενος
1156 2135 1248 2220 ίερὸν
1272 2135 1374 2218 ἰχθύν

355 2250 373 2307 2
555 2240 591 2306 ἐκ
613 2243 750 2308 πόντοιο
773 2243 898 2326 θύραζε
921 2243 1003 2329 λίνῳ
1026 2241 1081 2306 καί
1104 2243 1204 2326 ἤνοπι
1228 2245 1351 2328 χαλκῷ,

552 2341 598 2424 ὧς
620 2345 686 2414 ἕλκ’
714 2346 751 2413 ἐκ
773 2348 910 2433 δίφροιο
934 2385 977 2395 -

388 2460 421 2521 et
445 2462 563 2519 xv114

552 2559 637 2646 ἀμφὶ
657 2559 687 2627 δ’
710 2558 765 2644 ἄρ’
788 2562 877 2650 αύτῷ
896 2560 1011 2647 βαῖν’,
1030 2563 1075 2640 ὥς
1092 2585 1143 2639 τις
1161 2560 1237 2645 περὶ
1257 2564 1396 2646 πόρτακι
1414 2564 1520 2645 μήτηρ

553 2671 769 2753 πρωτοτόκος.

388 2776 480 2854 Quae
504 2780 592 2842 oarto
615 2775 740 2842 duount
760 2780 799 2841 ut
820 2780 907 2841 reete
925 2777 1175 2862 interpretemur
1193 2776 1291 2841 etism
1311 2776 1340 2840 si
1359 2797 1440 2860 quae
1459 2779 1535 2840 sunt
1553 2776 1629 2840 arti·

388 2884 536 2948 fioiosius
560 2886 693 2948 structa

480 2989 545 3056 Sed
567 2991 706 3055 alterum
729 2989 810 3054 illud
832 3012 936 3077 genus
960 2991 1119 3056 enuntiati
1143 2990 1355 3076 comparativi
1374 2987 1549 3074 Apollonio
1569 3010 1628 3053 suo

389 3097 537 3162 restituit
563 3096 602 3162 R.
621 3095 811 3179 Merkelius,
839 3097 1000 3180 1111292,
1028 3119 1101 3163 oum
1129 3099 1176 3163 ita
1203 3097 1304 3162 edidit
1333 3096 1371 3161 de
1395 3097 1496 3161 tauris
1520 3096 1629 3181 ignem

391 3204 578 3270 efflantibus

552 3313 652 3396 ἄμφω
670 3309 756 3394 ὁμοῦ
778 3310 983 3395 προγένοντο
1006 3313 1113 3396 πυρὸς
1135 3310 1233 3389 σέλας
1255 3306 1478 3394 ἀμπνείοντες.
1640 3334 1667 3377 ιο

552 3415 709 3485 ἔδδεισαν
731 3416 761 3484 δ’
788 3419 909 3502 ἥρωες,
932 3419 1021 3497 ὅπως
1045 3420 1129 3485 ίδον.
1161 3418 1267 3503 αὐτὰρ
1291 3417 1309 3483 ὃ
1333 3418 1412 3495 τούς
1435 3441 1472 3500 γε

553 3520 591 3591 εὖ
614 3526 734 3610 διαβὰς
756 3524 923 3608 ἐπιόντας,
947 3527 1003 3591 ἄτε
1027 3527 1146 3602 σπιλὰς
1168 3528 1220 3591 είν
1243 3523 1298 3591 ἁλὶ
1321 3524 1438 3609 πέτρη,

426 3632 508 3697 1295
553 3635 708 3716 μίμνεν,
732 3632 939 3717 ἀπειρεσίῃσι
962 3633 1147 3714 δονεύμενα
1170 3629 1289 3716 κύματ’
1317 3630 1458 3709 ἀέλλαις.

403 3740 513 3821 μίμνεν
539 3738 625 3805 enim
653 3738 786 3803 editoris
812 3742 874 3821 est,
900 3739 977 3803 libri
1000 3738 1121 3804 habent
1142 3743 1264 3822 μίμνει.
1302 3736 1364 3815 Qui
1388 3740 1536 3823 quamvis
1559 3760 1627 3804 rem

405 3864 465 3908 uon
487 3846 585 3931 probe
607 3846 810 3931 perspexisse
832 3843 978 3910 videatur
1000 3866 1040 3909 ex
1063 3845 1104 3909 iis
1127 3867 1209 3929 quae
1232 3845 1412 3927 adnotavit,
1439 3848 1549 3910 tamen
1572 3845 1625 3910 du·

407 3948 486 4017 bium
507 3974 575 4019 esse
597 3974 662 4017 non
686 3956 808 4037 potest,
835 3952 915 4036 quin
937 3957 1025 4017 reeta
1047 3951 1145 4017 soribi
1168 3953 1311 4036 potuerit
1335 3951 1422 4035 quod
1445 3953 1563 4034 voluit,
1583 3956 1629 4016 ut

412 4060 514 4139 μίμνεν
534 4060 575 4125 od
597 4058 745 4125 Iasonem
768 4058 906 4124 relatum
928 4057 1037 4123 losum
1059 4062 1168 4124 teneat
1187 4060 1222 4124 iu
1243 4058 1347 4123 media
1366 4058 1526 4124 sententia
1544 4079 1629 4124 oom-

343 4215 345 4224 ,
413 4167 539 4245 maun
560 4189 643 4252 quae
666 4168 738 4251 ipsa
759 4168 885 4232 nullum
909 4188 1003 4231 suum
1027 4165 1160 4231 verbum
1184 4165 1296 4249 habet,
1319 4165 1359 4230 od
1382 4187 1455 4230 eum
1479 4165 1629 4230 videlioet

418 4270 524 4339 modum
546 4296 643 4359 quem
666 4296 764 4358 supra
786 4273 1029 4356 deelaravimus,
1054 4293 1215 4357 quemque
1237 4270 1432 4355 Apollonius
1456 4273 1525 4356 ipse
1549 4272 1628 4337 alibi

420 4383 525 4445 soeutm
545 4386 605 4464 est,
626 4381 718 4446 velut
740 4398 779 4447 111
800 4380 887 4445 1320
1642 4404 1670 4446 ao

715 4488 734 4554 ὃ
758 4486 790 4552 δ’
816 4485 868 4572 ἄρ’
896 4481 992 4564 αὖτις
1014 4484 1099 4553 ἑλὼν
1121 4484 1223 4562 σάαος
1245 4482 1365 4551 ἔνθετο
1387 4486 1482 4573 νώτῳ

554 4594 713 4674 ἐξόπιθεν
735 4592 790 4660 καὶ
813 4593 911 4677 γέντο
933 4601 1030 4660 θοῶν
1052 4590 1209 4677 ἔμπλεων
1231 4592 1380 4658 ὀδόντων

553 4705 685 4786 πήληκα
706 4703 851 4787 βριαρὴν
872 4702 957 4784 δόρυ
980 4698 1008 4765 τ’
1035 4700 1176 4785 ἄσχετον
1197 4691 1223 4787 ᾧ
1243 4698 1274 4783 δ’
1299 4699 1365 4765 ὑπὸ
1389 4698 1511 4785 μέσσας

554 4808 730 4893 ἐργατίνης
752 4809 797 4885 ὥς
818 4810 869 4885 τίς
890 4831 927 4873 τε
951 4808 1137 4891 Πελασγίδι
1155 4807 1303 4872 νύσσεν
1325 4806 1445 4897 ἀκαίνη

555 4915 703 4996 οὐτάζων
725 4917 883 4999 λαγόνας,

430 5024 659 5095 quoniame
685 5021 862 5089 evolvenda
889 5023 974 5105 δόρυ
1002 5023 1156 5106 ἄσχετον,
1189 5011 1216 5109 ρλ
1243 5021 1308 5087 ὑπὸ
1336 5019 1459 5105 μέσσας
1487 5022 1630 5103 λαγόνας

431 5121 525 5193 νύσσεν
543 5132 587 5209 ὡς
608 5128 783 5215 ἐργατίνης
806 5153 856 5206 τις
879 5130 1065 5211 Πελασγίδι
1088 5127 1217 5214 ἀκαίνη,
1241 5127 1365 5194 seilicet
1387 5128 1514 5206 νύσσει,
1537 5126 1628 5190 ouius

433 5228 498 5296 verbi
518 5237 619 5303 losum
649 5237 776 5303 obtinet
802 5238 942 5319 νύσσεν,
968 5234 1056 5321 quod
1083 5236 1291 5321 praeteritum
1315 5255 1381 5300 non
1404 5234 1628 5298 adoratorem

434 5336 539 5410 totns
560 5344 614 5410 sed
636 5344 678 5410 ad
699 5341 857 5410 Iasonem.
893 5341 975 5408 Item
994 5342 1141 5408 1111392
