3925 6675
705 1139 755 1191 un
773 1140 1039 1192 nmeroeururs
1058 1143 1260 1204 numurus.
1530 1141 1596 1205 283

342 1296 508 1364 renibus
536 1297 663 1365 absolvi
689 1300 828 1366 vidimus
856 1324 876 1366 e
903 1323 1106 1387 quorumque
1135 1306 1221 1366 stetu
1251 1308 1283 1366 et
1311 1304 1418 1368 officio
1446 1301 1523 1368 heec
1545 1325 1596 1368 res

342 1425 448 1488 lure
468 1405 620 1490 deinceps
642 1406 836 1472 describitur
858 1430 924 1473 non
947 1409 1081 1474 dubium
1105 1414 1153 1474 est
1177 1411 1256 1493 quin
1279 1409 1383 1475 aliene
1405 1409 1512 1493 fuerit,
1537 1432 1596 1475 nec

342 1514 526 1594 ¹›resteree
557 1512 676 1578 hebere
709 1536 774 1599 quo
802 1515 937 1598 nitatur,
968 1514 1031 1581 hoc
1058 1520 1165 1580 eutem
1193 1517 1313 1580 omisso
1341 1515 1498 1600 reliquam
1526 1539 1595 1582 ore-

342 1618 484 1685 :ionem
513 1620 644 1706 egregie
671 1621 823 1706 explicari
851 1625 883 1684 et
911 1624 938 1686 ei
967 1624 1019 1686 cui
1048 1622 1216 1708 contingat
1243 1628 1280 1686 ut
1307 1623 1384 1689 huic
1411 1624 1596 1707 pronomini

342 1725 484 1811 nliqmd
511 1727 726 1793 stabilimenti
754 1729 906 1813 reperiet,
933 1727 1017 1793 nihil
1043 1730 1138 1813 plene
1166 1750 1235 1793 esse
1259 1730 1345 1814 quod
1369 1729 1517 1814 culpetur
1539 1736 1596 1794 eut

342 1834 552 1900 mordendi
576 1855 687 1900 curem
710 1837 861 1920 requiret.

453 1940 514 2007 Sed
536 1941 589 2006 hie
613 1943 773 2027 expositis.
792 1964 873 2026 quoe
896 1964 993 2026 porro
1017 1944 1205 2028 exsequitur
1228 1943 1345 2008 chorus

385 2047 453 2113 264
495 2048 549 2114 καὶ
573 2062 707 2126 σκοπεῖς
730 2074 767 2133 γε
790 2061 858 2114 τῶν
881 2055 1028 2115 πολιτῶν
1051 2051 1142 2127 ὅστις
1165 2049 1257 2115 ἐστὶν
1280 2050 1451 2134 ἀμνοκῶν,

494 2157 654 2234 πλούσιος
675 2156 730 2222 καὶ
753 2161 797 2242 μὴ
821 2160 967 2242 πονηρὸς
989 2159 1043 2223 καὶ
1067 2157 1197 2242 τρέμων
1220 2160 1259 2222 τὰ
1283 2158 1470 2242 πράγματα,

348 2258 412 2323 in
430 2262 462 2326 iis
483 2284 612 2348 quoque
634 2264 768 2330 offensio
792 2270 868 2329 nete
891 2269 941 2330 est
964 2265 1141 2346 doctorum,
1167 2287 1226 2331 nec
1250 2265 1375 2347 iniuria,
1399 2287 1592 2349 quemquem
1607 2294 1633 2333 ιο

355 2361 519 2436 Zacberus
547 2393 567 2435 e
593 2371 721 2458 figendo
748 2392 841 2436 cruce
869 2373 1039 2455 abstinuit3
1067 2395 1142 2437 nem
1168 2373 1231 2437 hoe
1258 2373 1336 2436 satis
1364 2393 1431 2435 non
1454 2393 1523 2436 esse
1546 2372 1591 2435 in·

365 2472 530 2563 tellgirur,
559 2475 712 2543 Cleonem
739 2479 801 2544 dici
829 2489 967 2544 σκοπεῖν
995 2479 1051 2563 qui
1074 2479 1192 2543 civium
1216 2479 1259 2543 sit
1282 2479 1370 2542 dives
1393 2499 1452 2543 nec
1475 2500 1592 2563 pravus

372 2583 414 2643 Θῒ
430 2603 584 2650 musarum
607 2585 752 2670 pavidus,
776 2585 831 2650 sed
854 2586 894 2650 iis
918 2587 974 2670 qui
995 2588 1042 2650 ite
1061 2590 1136 2651 sunt
1155 2586 1233 2670 quid
1251 2586 1364 2650 fecerit
1382 2584 1437 2649 ille
1457 2586 1592 2650 indicari

342 2684 489 2756 linem
514 2696 572 2757 est.
609 2690 722 2778 ltaque
748 2703 881 2769 σκοπεῖς
904 2692 986 2757 falso
1010 2697 1176 2758 exaratum
1199 2714 1269 2756 esse
1292 2692 1527 2776 existimantes,
1555 2697 1592 2756 ut

382 2791 485 2880 :liquid
504 2800 623 2866 fortius
646 2803 828 2885 poneretur,
850 2822 910 2884 pro
934 2821 972 2864 eo
996 2799 1176 2864 Meinekius
1199 2798 1254 2864 καὶ
1279 2801 1423 2879 erodere,
1448 2798 1591 2864 Koelriue

385 2902 431 2966 nu
443 2906 541 2984 ιέκεις
558 2905 626 2993 (vel
645 2904 768 2992 ξυρεῖς)
786 2907 1021 2972 restituendum
1040 2908 1253 2972 coniecerunt.
1291 2905 1479 2971 Omittimus
1495 2907 1592 2971 verba

388 3010 470 3088 {write
488 3014 671 3080 examinare
693 3018 749 3077 eut
773 3014 914 3080 rationes
937 3014 1094 3098 inspicere
1119 3015 1235 3098 quibus
1259 3035 1349 3078 suem
1371 3018 1506 3096 uterque
1525 3014 1593 3097 opi-

390 3113 490 3185 nionem
515 3121 707 3186 firmaverit:
736 3119 816 3185 illud
844 3120 994 3204 dicimus,
1021 3125 1123 3186 totam
1150 3122 1327 3186 orationem
1351 3121 1398 3185 ite
1421 3120 1592 3186 formatam

394 3236 448 3308 Ν,
464 3227 543 3293 nihil
560 3232 599 3293 ut
616 3228 724 3312 aptius
743 3228 884 3312 recipere
903 3228 1057 3311 potuerit,
1081 3250 1176 3312 quem
1196 3228 1303 3312 ipsum
1323 3227 1403 3292 illud
1422 3227 1593 3311 reprehen-

393 3343 442 3395 wn
460 3347 597 3413 σκοπεῖς.
633 3332 688 3401 Sic
710 3334 796 3400 enim
819 3356 905 3401 nunc
928 3334 1047 3400 dicitur
1070 3347 1203 3412 σκοπεῖς
1227 3337 1318 3411 ὅστις
1336 3341 1482 3400 πολιτῶν
1501 3333 1593 3401 ἐστιν
1606 3364 1632 3404 ω

343 3437 345 3540 ἑ
394 3427 528 3526 ἀνωνῶν,
555 3446 594 3507 ut
619 3444 717 3528 paulo
745 3446 819 3507 ente
848 3441 942 3529 (259)
971 3454 1106 3508 σκοπῶν
1133 3443 1224 3519 ὅστις
1247 3444 1359 3507 αὐτῶν
1381 3443 1468 3527 ὠμός
1491 3441 1592 3520 ἐστιν,

343 3547 344 3560 ’
394 3543 569 3616 teuniter
596 3548 688 3634 alibi,
715 3548 908 3614 Nub.1096
936 3548 991 3614 uel
1020 3561 1088 3614 τῶν
1114 3557 1247 3615 θεατῶν
1275 3549 1426 3632 ὁπότεροι
1455 3555 1591 3628 πλείους

394 3653 490 3741 wer,
516 3662 573 3723 eut
600 3656 660 3721 Au.
683 3655 751 3722 450
778 3669 914 3723 σκοπεῖν
941 3656 978 3721 δ’
1005 3657 1024 3720 6
1051 3682 1083 3721 τι
1112 3656 1155 3722 ἂν
1181 3658 1429 3741 προγράφωμεν
1457 3656 1494 3722 ἐν
1521 3671 1591 3733 τοῖς

393 3767 532 3841 ”rudore
570 3762 772 3847 Quemquam
800 3764 879 3847 quid
906 3786 988 3848 opus
1017 3769 1066 3829 est
1093 3764 1271 3849 exemplis?
1309 3763 1392 3840 Quid
1420 3786 1497 3850 ergo
1521 3766 1591 3829 est?

393 3873 496 3936 mere
517 3894 592 3936 cum
612 3892 671 3935 sue
688 3870 834 3936 oratione
853 3871 976 3955 optime
995 3892 1174 3936 connexum
1194 3870 1414 3935 dubitabimus
1433 3871 1504 3935 loco
1525 3894 1590 3936 mo-

392 3983 443 4037 vere
456 3981 507 4042 eut
525 3977 680 4043 mutando
698 3976 826 4042 tollere:
849 3979 877 4042 si
894 3982 1012 4061 menet,
1030 3983 1164 4063 epperet
1182 3979 1341 4064 integram
1361 3978 1489 4062 quidem
1508 3977 1591 4042 hanc

393 4080 537 4150 utonem
556 4106 635 4169 esee,
653 4084 710 4149 sed
728 4084 902 4150 desiderari
920 4090 1046 4168 partem
1065 4085 1198 4150 altorem
1218 4108 1281 4169 qua
1299 4090 1389 4168 parte
1406 4086 1589 4168 expositum

343 4213 345 4234 r
391 4175 469 4274 fuerit,
485 4189 585 4257 Cleon
603 4191 682 4275 quid
699 4192 942 4277 perpetraverit,
960 4191 1017 4256 ubi
1032 4192 1317 4276 circumspiciendo
1332 4191 1491 4256 invenerit
1505 4192 1590 4255 cives

343 4339 344 4344 κ
391 4292 473 4370 tuales
496 4297 635 4364 volebat.
671 4296 773 4383 Atqui
802 4321 875 4364 cum
902 4299 1143 4364 meminerimus
1171 4299 1204 4363 in
1233 4300 1378 4363 versibus
1407 4298 1487 4383 261,
1514 4298 1589 4382 262,

390 4390 435 4464 2⁶3
451 4404 683 4473 nihilomnino
707 4406 915 4490 deprevatum
938 4405 1049 4489 fuisse,
1074 4406 1129 4470 sed
1152 4427 1252 4469 unum
1275 4427 1454 4490 pronomen
1478 4405 1590 4471 αὐτῶν
1604 4433 1630 4472 ω

388 4517 433 4573 flou
450 4508 597 4578 babuisse
621 4534 687 4598 quo
708 4513 821 4578 referri
845 4518 969 4597 posset,
993 4514 1057 4577 iam
1081 4535 1181 4598 paene
1205 4514 1354 4596 proditur
1376 4512 1454 4597 quid
1478 4535 1589 4577 verum

385 4608 425 4678 rit:
445 4639 556 4706 nempe
582 4618 666 4685 nihil
691 4620 725 4684 in
749 4619 885 4705 singulis
909 4642 1007 4704 preve
1031 4621 1186 4704 scriptum
1211 4620 1266 4685 sed
1290 4620 1423 4684 duarum
1448 4620 1589 4703 partium

382 4719 502 4791 ordinem
525 4727 689 4793 inversum
712 4749 795 4810 esse,
819 4748 883 4811 quo
902 4731 1060 4812 reparato,
1083 4727 1167 4791 sicut
1185 4750 1245 4811 pur
1263 4731 1321 4809 est,
1344 4731 1516 4810 utrumque
1536 4749 1588 4809 ap·

379 4845 469 4910 perere
489 4833 628 4917 probum
651 4854 720 4898 esee
743 4838 776 4898 et
799 4846 933 4910 σκοπεῖς
956 4857 984 4897 r.
1005 4833 1070 4898 264
1094 4843 1126 4898 et
1150 4834 1260 4898 αὐτῶν
1283 4858 1313 4897 v.
1333 4833 1406 4897 261.

392 4934 448 5003 264
490 4938 545 5006 καὶ
570 4951 730 5017 σκοπεῖς
752 4963 790 5022 γε
812 4951 879 5005 τῶν
902 4945 1046 5006 πολιτῶν
1069 4940 1160 5017 ὅστις
1184 4940 1276 5005 ἐστὶν
1298 4940 1469 5023 ἀμνοκῶν,

489 5047 650 5124 πλούσιος
672 5045 726 5112 καὶ
749 5049 794 5131 μὴ
816 5049 961 5131 πονηρὸς
985 5046 1038 5111 καὶ
1062 5047 1191 5131 τρέμων
1214 5049 1254 5111 τὰ
1277 5047 1462 5130 πράγματα·

384 5151 443 5219 261
489 5156 553 5219 κᾶν
575 5151 638 5219 τιν’
666 5154 795 5219 αὐτῶν
818 5162 902 5243 γνῷς
925 5153 1110 5238 ἀπράγμον’
1138 5156 1218 5219 ὄντα
1242 5156 1295 5217 καὶ
1320 5154 1493 5237 κεχηνότα,

490 5261 688 5344 καταγαγὼν
711 5260 745 5325 ἐκ
769 5263 985 5345 Χερρονήσου
1008 5262 1178 5343 διαβαλὼν
1202 5260 1382 5344 ἀγκυρίσας

378 5367 442 5434 263
489 5360 546 5433 εἶτ’
574 5366 784 5452 ἀποστρέψας
807 5370 866 5433 τὸν
888 5364 980 5452 ὦμον
1004 5368 1107 5434 αὐτὸν
1130 5366 1378 5449 ἐνεκολήβασας.
