3925 6675
391 1137 459 1200 426
594 1137 665 1188 LIV.
685 1136 801 1187 INDEX
819 1135 1035 1186 LEOTIONUM
1053 1134 1295 1185 HIBERNARUM
1315 1129 1447 1202 1901702.

392 1298 481 1364 Haec
503 1301 552 1364 est
575 1295 761 1383 perelegans
785 1297 954 1381 expositio,
978 1317 1074 1379 quam
1097 1317 1164 1360 non
1186 1295 1329 1379 paenitet
1347 1292 1495 1358 attulisse
1513 1297 1626 1358 totam.

391 1405 429 1472 In
454 1429 517 1491 qua
540 1427 612 1470 cum
633 1403 756 1487 Cicero,
778 1407 815 1467 ut
834 1403 975 1468 brevitas
999 1402 1149 1466 narrandi
1169 1423 1250 1486 quae
1269 1423 1338 1466 esse
1357 1398 1460 1485 possit
1477 1399 1626 1484 exemplo

391 1517 557 1595 monstret,
579 1512 658 1576 haec
681 1511 809 1575 omissis
827 1509 942 1575 mediis
961 1512 1143 1594 componat,
1160 1509 1317 1590 Erana,
1336 1508 1428 1572 imus.
1464 1505 1509 1572 ud
1524 1507 1627 1588 sepul·

390 1641 478 1685 crum
500 1621 649 1697 venimus,
671 1617 803 1682 illorum
827 1616 999 1682 verborum
1023 1637 1152 1682 sensum
1176 1637 1272 1700 quem
1293 1614 1434 1680 diximus
1453 1613 1625 1678 manifesto

391 1727 551 1811 exprimit,
569 1725 718 1808 idemque
735 1724 864 1808 planius
884 1725 982 1788 etiarn
1001 1723 1105 1808 aperit
1124 1722 1164 1788 iis
1183 1744 1264 1806 quae
1282 1720 1421 1786 adstruit
1434 1741 1625 1803 quompuum

389 1834 445 1899 boc
466 1835 571 1916 ipsum
588 1832 770 1914 chertar
791 1833 890 1896 imus
911 1832 1067 1896 wadnam
1090 1836 1134 1895 est
1150 1832 1198 1894 ito
1216 1851 1281 1913 eqs.
1318 1829 1452 1914 Repone
1470 1829 1564 1906 busa,
1588 1831 1626 1893 ut

390 1940 509 2004 habeas
529 1939 678 2020 chertur
698 1939 792 2016 intus,
816 1938 862 2002 ad
882 1937 1056 2019 esparlonem
1078 1939 1220 2002 emimus
1242 1938 1294 2000 vel
1317 1939 1429 2020 postea
1446 1935 1626 2017 Refertur

390 2048 670 2112 incusandum
693 2051 750 2128 est,
776 2045 852 2109 ilico
875 2045 1033 2128 percipies
1056 2044 1198 2128 ineptam
1222 2066 1262 2108 ex
1289 2046 1423 2128 peraptn
1446 2043 1624 2108 orationem

390 2155 537 2219 evasisse
587 2151 632 2217 Et
664 2153 726 2217 hoc
757 2173 817 2216 uos
845 2150 1008 2216 effecimus
1035 2154 1147 2216 nostro
1175 2150 1332 2216 arbitratu
1361 2149 1417 2234 qui
1445 2149 1479 2213 in
1506 2151 1625 2214 testata

350 2287 376 2325 ιο
390 2263 549 2346 scriptura
575 2259 777 2342 acquiescere
803 2257 955 2323 nolumus
985 2257 1040 2323 sed
1068 2257 1214 2322 mutandi
1235 2258 1366 2322 levitate
1393 2278 1488 2340 saepe
1515 2255 1622 2322 fallaci

390 2367 592 2433 obtrudimus
615 2369 730 2450 poetae
748 2364 835 2449 quod
858 2368 924 2429 tam
946 2366 1016 2449 ipse
1039 2387 1136 2450 quam
1163 2363 1312 2429 laudator
1334 2363 1403 2429 eius
1426 2385 1493 2428 non
1516 2365 1623 2446 potest

388 2495 454 2538 non
478 2493 628 2556 respuere
651 2475 684 2536 at
706 2472 878 2556 aspernari.

478 2578 682 2643 Revertimus
701 2578 742 2643 ad
759 2577 911 2643 Plautum
931 2583 963 2642 et
981 2578 1022 2643 ad
1040 2577 1293 2644 Menaechmum.
1331 2575 1394 2654 Qui
1412 2581 1621 2661 posteaquam

389 2686 542 2752 Peniculo
571 2706 660 2771 spem
687 2685 882 2770 insperatam
911 2707 1008 2750 cenae
1037 2685 1129 2768 fecit,
1155 2685 1343 2771 properanti
1371 2683 1409 2748 ad
1433 2705 1550 2770 rogum
1575 2683 1621 2748 in·

387 2793 585 2859 condendum
603 2794 638 2857 in
657 2814 721 2876 quo
741 2793 808 2856 dies
823 2791 1040 2877 comburatur,
1060 2791 1319 2878 indignabundus
1338 2790 1512 2876 respondet
1525 2787 1621 2876 (155)

684 2900 727 2964 Te
749 2920 880 2978 morare,
905 2900 985 2963 miti
1007 2919 1098 2981 quom
1121 2899 1284 2981 obloquere.

388 3007 475 3073 Haec
498 3007 584 3072 enim
607 3008 705 3072 verba
726 3006 789 3072 hoc
811 3006 884 3072 loco
909 3009 995 3072 recte
1019 3006 1245 3087 subiiciuntur,
1267 3027 1371 3089 neque
1390 3005 1451 3070 erit
1468 3004 1565 3070 hodic
1584 3009 1621 3069 ut

387 3117 466 3180 olim
485 3114 541 3198 qui
558 3113 675 3178 horum
694 3135 843 3179 romaum
863 3112 1009 3178 ordinem
1028 3113 1195 3178 turbatum
1214 3133 1283 3177 esse
1302 3111 1489 3196 suspicetur.
1526 3109 1621 3178 Peni-

386 3221 478 3286 culus
505 3221 635 3305 quidem
662 3222 759 3286 etiam
788 3224 861 3285 ante
888 3219 1097 3286 Menaechmo
1128 3241 1234 3284 moras
1268 3219 1386 3284 creavit
1414 3217 1619 3303 obloquendo

344 3356 372 3395 ro
385 3333 520 3416 propter
542 3333 664 3393 metum
687 3350 751 3413 quo
779 3328 950 3393 tenebatur
976 3327 1016 3392 de
1044 3349 1137 3413 cena3
1167 3326 1224 3392 sed
1250 3348 1360 3393 rursus
1384 3348 1456 3391 cum
1480 3325 1519 3390 de
1542 3346 1621 3391 cena

386 3458 517 3501 securus
535 3436 600 3500 iam
619 3435 747 3519 quietus
765 3438 950 3519 exspectare
968 3436 1114 3519 potue'rit
1133 3456 1197 3519 quo
1216 3434 1271 3498 ille
1290 3455 1443 3499 evasurus
1461 3433 1512 3517 sit,
1532 3432 1618 3518 quod

385 3543 427 3606 ad
449 3541 688 3607 festinationem
712 3543 834 3624 incitat,
857 3543 976 3606 morari
995 3541 1195 3607 Menaechmi
1215 3540 1386 3605 eonsilium
1406 3538 1541 3625 videtur,
1562 3541 1619 3625 qui

384 3648 447 3713 hoc
470 3648 539 3734 agit
562 3653 599 3711 ut
621 3648 711 3731 prius
736 3670 832 3731 quam
855 3647 896 3711 ad
918 3646 1088 3730 prandium
1112 3647 1290 3732 parandum
1311 3652 1433 3733 pergat,
1457 3646 1579 3712 furtum
1600 3670 1618 3711 a

385 3778 419 3820 se
437 3755 557 3819 factum
576 3755 737 3839 parasitus
756 3775 829 3819 cum
845 3753 1056 3819 admiratione
1071 3754 1219 3839 excipiat.
1251 3753 1365 3839 Itaque
1379 3753 1436 3819 illa
1449 3752 1619 3839 reprehen-

385 3863 475 3927 sione
499 3863 543 3927 Te
565 3881 700 3944 morare,
728 3862 922 3944 mihiquem
945 3861 1101 3944 ecquae
1128 3866 1234 3927 motus
1258 3860 1445 3943 Peniculus,
1474 3882 1547 3925 cum
1570 3862 1617 3926 in-

384 3968 511 4055 telligat
534 3990 613 4053 quas
636 3969 686 4033 illi
709 3967 815 4053 pariat
837 3990 944 4034 moras
967 3991 1041 4033 suas
1064 3991 1142 4052 esse,
1165 3990 1238 4035 eum
1262 3970 1479 4034 exsecratione
1500 3970 1551 4033 sui
1570 3992 1616 4033 as·

383 4081 508 4141 severat
532 4098 566 4141 se
589 4076 652 4141 iam
675 4075 759 4141 nihil
781 4080 919 4159 patrono
942 4097 1001 4141 suo
1026 4075 1259 4142 oblocuturum.

1030 4181 1160 4248 Ourima
1183 4184 1311 4265 ufodito
1328 4205 1388 4267 prr
1409 4184 1509 4249 solam

517 4290 615 4368 Mur,
639 4290 848 4367 Menoedrmc,
870 4292 901 4355 si
922 4288 1023 4355 ullum
1046 4291 1171 4355 vertum
1191 4292 1269 4373 foco
1292 4292 1357 4356 arsi
1379 4292 1614 4372 meditareris.

341 4421 370 4462 ao
383 4395 422 4460 In
440 4396 491 4461 his
510 4397 618 4462 verbis
629 4396 797 4479 persolmn,
819 4418 900 4480 quae
918 4401 968 4460 est
985 4396 1144 4462 librorum
1162 4398 1331 4482 scriptura,
1351 4398 1417 4462 sive
1429 4418 1490 4481 per
1506 4398 1614 4478 setara,

383 4504 470 4587 quod
485 4525 587 4567 ·nunc
618 4504 685 4568 fere
716 4502 873 4569 editiones
905 4503 1028 4587 ferunt,
1060 4525 1254 4590 magnopere
1286 4504 1416 4590 ingenia
1446 4504 1613 4571 doctorum

382 4611 525 4674 exercuit
544 4615 576 4674 et
594 4610 768 4675 exercebit:
788 4610 842 4675 sed
862 4632 1058 4696 auguramur
1077 4610 1145 4675 fore
1164 4612 1337 4695 aliquando
1357 4615 1393 4675 ut
1412 4610 1473 4676 hoc
1487 4612 1612 4679 dicendi

381 4737 483 4802 genus
511 4717 545 4780 in
573 4739 631 4781 sua
657 4716 729 4781 luce
757 4718 859 4781 niteat
886 4720 918 4781 et
945 4717 1066 4782 frustra
1096 4718 1258 4785 laborasse
1281 4718 1427 4784 homines
1451 4742 1522 4785 cum
1547 4719 1613 4784 risu

381 4822 505 4888 clamet.
542 4822 649 4889 Nobis
672 4824 734 4889 hoe
757 4828 794 4888 ut
816 4823 1016 4889 efficeremus
1037 4826 1188 4890 nimirum
1207 4847 1272 4889 non
1292 4826 1439 4912 contigit,
1461 4826 1518 4891 sed
1537 4826 1614 4911 quia

380 4932 415 4995 in
437 4929 489 4995 his
513 4952 594 5015 quae
616 4930 713 4995 hodie
736 4930 914 5016 probantur
937 4937 1013 4997 sunt
1031 4954 1113 5017 quae
1136 4932 1217 4997 talea
1236 4932 1301 4997 sint
1320 4937 1353 4997 et
1371 4934 1484 4998 obesse
1502 4933 1613 5019 cogni·

380 5038 462 5103 tioni
477 5039 544 5103 veri
557 5059 651 5122 posse
667 5038 843 5122 videantur,
863 5040 900 5104 de
920 5039 961 5103 iis
975 5061 1071 5126 agere
1087 5040 1322 5124 constituimus,
1341 5043 1377 5104 ut
1392 5040 1489 5105 simul
1503 5040 1613 5107 affera-

382 5168 467 5229 mus,
490 5145 530 5210 ab
554 5145 626 5210 aliis
649 5144 737 5229 quod
760 5146 897 5210 sciamus
917 5147 1060 5211 nondum
1083 5145 1226 5231 allatum,
1250 5148 1336 5231 quod
1359 5148 1495 5212 forsitan
1520 5148 1553 5213 in
1577 5170 1610 5213 rc

380 5252 580 5337 expedienda
602 5252 675 5317 usui
699 5252 750 5317 sit.

469 5359 557 5446 Ergo
582 5360 622 5424 ad
644 5360 875 5425 emendandam
898 5381 1009 5425 vocem
1033 5360 1192 5443 peractum
1221 5383 1303 5446 quse
1331 5362 1418 5429 varie
1445 5364 1611 5448 proposita
1627 5374 1664 5433 1⁵
