3925 6675
491 1144 541 1194 DE
559 1142 771 1195 PRAECEPTO
791 1144 946 1206 QUODAM
964 1145 1132 1196 ANONYMI
1150 1145 1237 1195 ΠΕΡΙ
1255 1144 1469 1197 ΚΩΜΩΙΔΙΑΣ.
1530 1143 1596 1208 563

455 1304 655 1370 Permultum
683 1310 733 1370 est
760 1306 793 1369 id
821 1327 922 1389 genus
950 1305 1036 1389 apud
1063 1304 1273 1371 Plutarchum
1302 1310 1367 1371 tam
1396 1307 1430 1370 in
1457 1297 1598 1372 vitarum

360 1410 457 1476 libris
481 1434 576 1496 quum
601 1413 633 1476 in
654 1413 783 1496 seriptis
803 1411 989 1496 moralibus,
1011 1412 1108 1496 velut,
1127 1417 1165 1477 ut
1182 1435 1285 1496 pauca
1303 1435 1343 1477 ex
1362 1418 1497 1498 utreque
1516 1416 1599 1480 serie
1677 1487 1679 1490 ,

361 1518 560 1602 scriptorum
584 1520 767 1601 afferamus,
790 1521 823 1583 in
847 1521 913 1584 vita
937 1518 1083 1603 Pompeii
1106 1518 1148 1607 (a.
1162 1519 1214 1602 ⁶24,
1230 1518 1264 1605 6)
1289 1519 1328 1583 de
1351 1520 1528 1605 piratarum
1552 1523 1599 1585 in-

361 1626 504 1690 solentia
527 1647 625 1710 agens
650 1626 763 1690 scribit

499 1733 652 1814 ἥρπασαν
675 1733 716 1797 δέ
735 1756 815 1798 ποτε
834 1732 888 1798 καὶ
908 1736 1114 1817 στρατηγοὺς
1132 1734 1195 1799 δύο
1215 1732 1389 1810 Σεξτίλιον
1408 1733 1462 1799 καὶ
1483 1740 1597 1800 Βελλῖ-

499 1863 561 1903 νον
588 1837 626 1904 ἐν
657 1851 729 1916 ταῖς
759 1842 1025 1924 περιπορφύροις
1051 1839 1106 1904 καλ
1140 1843 1218 1916 τοὺς
1250 1840 1414 1924 ὑπηρέτας
1445 1843 1511 1926 ἅμα
1543 1841 1598 1908 καί

499 1947 734 2030 ῥαβδοφόρους
757 1946 880 2034 ᾤχοντο
905 1950 978 2012 σὺν
1002 1947 1137 2023 αὐτοῖς
1159 1945 1330 2023 ἐκείνοις
1353 1950 1497 2032 ἔχοντες,

454 2059 486 2118 et
510 2054 543 2117 in
567 2053 740 2138 Pelopidae
763 2054 830 2118 vita
854 2053 893 2139 (c.
909 2054 961 2137 28,
976 2054 1012 2139 2)

499 2159 568 2227 ἐπεὶ
592 2159 628 2226 δὲ
651 2165 730 2238 τοὺς
752 2158 813 2246 μὲν
837 2164 1001 2243 Φεραίους
1020 2161 1038 2226 ό
1058 2164 1249 2238 Πελοπίδας
1267 2161 1496 2245 ὀδυρομένους
1516 2189 1597 2246 παρ-

499 2266 608 2332 εκάλει
636 2275 781 2351 θαρρεῖν
808 2270 852 2345 ὡς
879 2278 944 2332 νῦν
972 2269 1113 2349 μάλιστα
1141 2269 1308 2346 δώσοντος
1336 2277 1396 2334 τοῦ
1427 2270 1597 2354 τυράννου
1612 2293 1639 2333 ιο

498 2375 606 2456 δίκην,
630 2376 714 2460 πρὸς
737 2376 775 2439 δὲ
798 2375 920 2440 αὐτὸν
942 2374 1101 2440 ἐκείνου
1119 2373 1313 2451 ἀποστείλας
1330 2372 1443 2458 ἔλεγεν
1461 2377 1505 2452 ὡς
1524 2379 1598 2442 ἀτο-

497 2485 559 2558 πός
587 2481 655 2546 ἐστι
683 2485 763 2558 τοὺς
790 2479 852 2563 μὲν
880 2482 1023 2558 ἀθλίους
1051 2484 1188 2558 πολίτας
1208 2532 1236 2546 ..
1256 2484 1425 2564 στρεβλῶν
1451 2482 1505 2548 καὶ
1537 2508 1597 2567 φο-

497 2589 615 2670 νεύων,
639 2589 743 2654 αὐτοῦ
767 2586 803 2654 δέ
828 2591 1026 2672 φειδόμενος
1049 2593 1116 2653 κτλ.
1163 2586 1210 2653 cf.
1226 2588 1301 2653 ibid.
1317 2589 1369 2673 35,
1383 2591 1414 2654 4.

452 2693 489 2759 ln
514 2695 692 2760 moralibus
716 2701 823 2760 autem
849 2697 979 2780 seriptis
1003 2695 1094 2760 talia:
1119 2695 1157 2760 de
1176 2695 1246 2760 aud.
1263 2701 1347 2778 poet.
1362 2719 1392 2779 p.
1407 2696 1479 2760 23a
1494 2695 1570 2783 (vol.
1586 2716 1598 2761 1

497 2801 776 2888 p.54,19130m.)

496 2907 561 2974 ἀπὸ
584 2921 652 2974 τῶν
674 2917 767 2975 θεῶν
789 2910 970 2994 ἀρχώμεθα
993 2910 1167 2974 διδάσκειν
1190 2912 1268 2985 τοὺς
1292 2909 1389 2985 νέους
1418 2911 1468 2975 ότι
1493 2923 1596 2994 χρῶν-

496 3041 550 3081 ται
573 3028 643 3093 τοῖς
665 3028 733 3081 τῶν
755 3023 848 3082 θεῶν
875 3017 1040 3101 ὀνόμασιν
1062 3017 1095 3080 ολ
1117 3016 1249 3097 ποιηταὶ
1277 3012 1356 3081 ποτὲ
1384 3012 1446 3097 μίν
1469 3017 1599 3083 αὐτῶν

497 3123 662 3188 ἐκείνων
685 3123 909 3208 ἐφαπτόμενοι
937 3133 976 3208 τῇ
1001 3122 1129 3209 ἐννοίᾳ,
1156 3123 1237 3188 ποτε
1263 3119 1299 3188 δὲ
1323 3123 1482 3207 δυνάμεις
1505 3126 1598 3200 τινάς

495 3225 544 3295 ὧν
566 3232 598 3296 ολ
622 3230 698 3296 θεοὶ
722 3231 859 3315 δοτῆρές
883 3233 946 3296 εἰσι
967 3281 997 3295 ..
1016 3230 1330 3314 προσαγορεύοντες.

450 3340 490 3403 de
510 3345 568 3403 rat.
587 3340 659 3404 aud.
678 3362 708 3423 p.
723 3340 791 3404 43ο
815 3338 841 3424 (1
856 3362 885 3422 p.
904 3339 977 3422 106,
995 3336 1075 3424 113.)
1610 3365 1637 3404 sa

496 3447 529 3510 ολ
556 3448 673 3512 πολλοὶ
703 3449 856 3530 χαίρουσι
883 3457 953 3523 τοῖς
981 3448 1183 3529 φιλοσόφοις
1213 3446 1288 3529 περί
1312 3446 1423 3510 ἀλλων
1446 3447 1596 3528 διαλεγο-

495 3552 608 3634 μένοις
630 3555 686 3618 καί
708 3555 953 3636 θαυμάζουσιν·
977 3551 1021 3618 ἀν
1044 3554 1081 3618 δὲ
1104 3555 1183 3629 τοὺς
1206 3554 1329 3629 ἀλλους
1347 3550 1447 3628 ἐάσας
1465 3552 1483 3617 ό
1502 3554 1597 3635 φιλό-

498 3678 604 3744 σοφος
632 3660 769 3736 αὐτοῖς
797 3658 967 3736 ἐκείνοις
996 3660 1065 3746 ἰδία
1093 3660 1353 3743 παρρησιάζηται
1377 3708 1384 3723 .
1404 3709 1411 3723 .
1434 3660 1488 3724 καί
1516 3659 1597 3723 ὑπο-

495 3771 673 3853 μιμνήσκῃ,
697 3769 986 3852 δυσχεραίνουσιν.

452 3874 493 3939 de
511 3874 594 3939 adul.
614 3899 643 3959 p.
659 3875 733 3941 56f.
754 3874 782 3960 (1
796 3898 825 3959 p.
843 3876 916 3958 137,
930 3874 974 3938 20
984 3872 1036 3959 Β.)

496 3983 550 4047 διὸ
565 3982 754 4067 φυλακτέον
769 3980 837 4047 ἐστὶ
856 3981 999 4065 μάλιστα
1017 3982 1076 4045 τὸν
1094 3982 1217 4044 κόλακα
1235 3980 1311 4059 περλ
1330 3982 1408 4054 τοὺς
1427 3977 1594 4059 ἐπαίνους,

497 4089 577 4174 ὅπερ
602 4088 682 4155 οὐδ’
711 4090 832 4154 αὐτὸν
856 4088 1013 4153 ἐκεῖνον
1037 4087 1193 4171 λέληθεν,
1220 4086 1302 4150 ἀλλὰ
1326 4086 1436 4161 δεινὸς
1459 4085 1507 4151 ὢν
1531 4110 1595 4169 φυ-

497 4196 675 4262 λάττεσθαι
698 4198 736 4261 τὸ
760 4196 912 4260 ὕποπτον
929 4201 998 4259 κτλ.

450 4303 489 4368 de
508 4303 645 4387 Pythiae
665 4325 748 4369 orac.
766 4327 797 4388 p.
811 4302 910 4366 4041)
934 4300 1011 4388 (vol.
1026 4318 1064 4364 111
1079 4324 1109 4385 p.
1124 4301 1177 4384 53,
1192 4301 1210 4364 λ
1223 4297 1274 4385 Β.)

496 4408 566 4477 ἔστι
585 4409 615 4475 δ’
639 4411 818 4495 οὐδέτερον
836 4409 1040 4492 παράλογον,
1058 4410 1165 4490 μόνον
1183 4405 1225 4471 ἀν
1244 4406 1350 4504 ὀρθὰς
1369 4404 1424 4471 καί
1442 4408 1593 4489 καθαράς
1607 4431 1635 4471 σο

496 4517 571 4601 περὶ
604 4527 665 4583 τοῦ
693 4525 778 4582 θεοῦ
806 4518 904 4594 δόξας
936 4513 1062 4600 ἔχωμεν
1094 4512 1148 4580 καλ
1180 4515 1224 4599 μὴ
1258 4516 1442 4597 νομίζωμεν
1474 4513 1595 4578 αὐτὸν

497 4625 651 4690 ἐκεῖνον
679 4619 765 4690 είναι
792 4626 853 4688 τὸν
880 4625 920 4687 τὰ
948 4626 1009 4706 ἔπη
1034 4620 1235 4687 συντιθέντα
1263 4622 1428 4705 πρότερον
1451 4619 1505 4685 καὶ
1530 4629 1595 4684 νῦν

496 4732 729 4815 ὑποβάλλοντα
752 4741 791 4817 τῇ
817 4735 934 4815 Πυθίᾳ
957 4731 1036 4806 τοὺς
1059 4728 1235 4814 χρησμούς.

450 4839 490 4904 de
509 4840 569 4904 def.
590 4861 673 4904 oruc.
692 4862 723 4924 p.
737 4838 834 4903 422d
858 4837 935 4922 (vol.
950 4854 989 4900 111
1003 4860 1033 4922 p.
1052 4835 1124 4918 101,
1140 4833 1242 4920 1513.)

496 4946 620 5031 ἐλέγχει
643 4944 673 5011 δ’
697 4946 802 5010 αὐτὸν
825 4944 842 5009 ὁ
861 4956 929 5009 τῶν
947 4946 1081 5026 κόσμων
1098 4942 1242 5027 ἀριθμὸς
1261 4942 1322 5006 ούκ
1342 4942 1390 5005 ὢν
1409 4942 1594 5023 Αἰγύπτιος

495 5053 565 5120 οὐδ’
590 5052 697 5129 Ἰνδὸς
720 5052 804 5117 ἀλλὰ
828 5053 981 5134 Δωριεὺς
1004 5050 1069 5115 ἀπὸ
1093 5052 1260 5129 Σικελίας,
1287 5047 1410 5130 ἀνδρὸς
1429 5045 1593 5131 Ἱμεραίου

495 5163 642 5245 τοῦνομα
671 5166 859 5244 Πέτρωνος·
894 5159 1016 5223 αὐτοῦ
1046 5153 1109 5241 μὲν
1142 5156 1297 5220 ἐκείνου
1330 5155 1500 5238 βιβλίδιον
1532 5153 1593 5218 οὐκ

495 5268 646 5352 ἀνέγνων
669 5265 742 5332 οὐδ’
769 5260 846 5331 οίδα
869 5267 1124 5353 διασῳζόμενον.

449 5376 526 5442 ibid.
546 5399 575 5460 p.
590 5375 681 5440 4352
700 5373 776 5438 (vol.
796 5391 835 5437 111
849 5397 879 5457 p.
897 5371 969 5455 133,
986 5370 1068 5456 8Β.)

709 5451 713 5459 ι

1326 5473 1378 5525 36*
