3925 6675
389 1122 457 1184 444
623 1122 680 1172 LV.
699 1120 815 1172 INDEX
833 1119 1048 1170 LECTIONUM
1066 1117 1298 1171 AESTIVARUM
1319 1121 1396 1170 1902.

389 1287 435 1349 cis
457 1305 571 1369 parum
591 1283 783 1346 satisfecisse
802 1281 889 1344 visus
908 1284 965 1344 est
998 1279 1098 1346 Velut
1116 1279 1203 1364 quod
1222 1279 1322 1344 edidit
1335 1279 1497 1358 Imitabor,
1516 1279 1622 1345 tenuit

389 1391 476 1475 quod
493 1391 598 1475 prima
616 1411 729 1453 manus
748 1411 844 1471 quam
857 1391 975 1451 vocant
989 1387 1140 1471 exaravit,
1159 1387 1357 1452 correctione
1370 1386 1526 1472 neglecte,
1544 1383 1621 1450 licat

390 1520 427 1562 es
458 1497 544 1581 quod
577 1495 683 1560 effecit
710 1495 876 1559 Imitemur
907 1497 1021 1579 suapte
1052 1497 1168 1558 natura
1200 1493 1378 1579 elegantius
1406 1495 1490 1556 essct
1517 1513 1622 1576 neque

388 1609 508 1668 temere
531 1604 705 1667 inventum.
748 1599 812 1665 Sed
834 1599 984 1665 Halmius
1007 1621 1133 1686 semper
1156 1621 1194 1664 ea
1216 1600 1422 1685 persuasione
1446 1598 1622 1664 ducebatur

388 1714 426 1774 nt
457 1710 520 1774 nisi
551 1710 674 1794 primae
706 1708 816 1772 manui
843 1706 939 1772 fidem
966 1729 1033 1772 non
1060 1707 1239 1772 habendam
1272 1728 1340 1771 csse
1367 1706 1524 1788 crederet,
1554 1727 1623 1771 non

390 1819 494 1881 solum
517 1817 551 1880 in
574 1815 626 1879 his
649 1814 740 1878 libris
764 1813 804 1878 de
827 1813 1021 1898 republica,
1044 1815 1079 1878 in
1098 1813 1215 1898 quibus
1233 1812 1328 1878 multi
1347 1817 1423 1898 post
1441 1811 1621 1898 Hauptium

389 1924 616 1988 intellexenrnt
639 1924 760 2005 quanta
777 1920 830 1984 ris
847 1924 931 1985 esset
949 1924 982 1984 et
1001 1923 1122 2004 quanta
1141 1919 1267 1985 utilitas
1286 1941 1395 1985 eorum
1416 1941 1498 2004 quae
1516 1939 1536 1982 a
1554 1939 1623 1984 cor-

390 2030 523 2094 rectoris
546 2029 715 2115 diligentia
736 2027 883 2112 profecta
905 2031 1022 2113 essent,
1045 2027 1100 2091 sed
1123 2029 1219 2092 etism
1243 2027 1276 2091 in
1300 2027 1380 2112 aliis,
1404 2025 1493 2092 velut
1512 2025 1546 2090 in
1564 2025 1622 2090 Le

389 2159 467 2223 gum
494 2135 601 2218 libris,
627 2133 806 2218 maluitque
832 2154 926 2218 saepe
954 2135 989 2198 in
1017 2133 1186 2198 manifesta
1209 2134 1393 2219 corruptela
1419 2133 1622 2198 coniecturae

349 2272 375 2312 ιο
388 2243 532 2329 periculo
564 2243 655 2308 abuti
687 2263 784 2326 quam
816 2241 1048 2305 comestionem
1076 2240 1256 2324 antiquitus
1289 2241 1439 2304 traditam
1471 2239 1622 2324 recipere.

389 2349 427 2414 ln
454 2350 506 2415 his
532 2350 613 2433 ipsis
636 2347 742 2413 verbis
770 2348 857 2431 quod
883 2369 982 2431 prave
1006 2347 1161 2431 scriptum
1185 2351 1254 2412 erat
1276 2349 1414 2429 melicus
1441 2343 1622 2411 correctrici

389 2479 487 2521 manu
510 2456 694 2540 suppletum
718 2458 769 2518 est
786 2454 953 2518 verissima
971 2458 1009 2518 ut
1032 2457 1117 2520 esset
1135 2455 1217 2520 docti
1236 2454 1417 2536 indoctique.
1455 2451 1518 2518 Sed
1537 2453 1622 2518 idam

389 2563 447 2627 ubi
469 2563 601 2644 eapolbt
623 2565 674 2626 est
696 2562 731 2626 in
753 2561 863 2626 codice
882 2563 1005 2644 pariter
1027 2560 1143 2646 edidit3
1171 2561 1204 2626 id
1227 2561 1314 2646 quod
1337 2561 1460 2644 primns
1484 2557 1622 2626 Orellius

389 2669 571 2756 proposuit,
594 2673 626 2734 at
648 2690 669 2733 a
686 2667 855 2733 Lactantio
877 2668 1060 2733 confirmari
1078 2673 1195 2752 putant
1214 2669 1270 2752 qui
1289 2665 1404 2750 (instit.
1424 2685 1436 2730 1
1457 2669 1508 2750 11,
1523 2665 1558 2752 5)
1576 2667 1625 2732 ita

391 2777 504 2842 scribit
527 2774 689 2840 Ciceronis
712 2779 751 2838 ut
772 2773 900 2839 videtur
921 2797 988 2840 non
1011 2776 1179 2840 immemor
1201 2795 1333 2858 ropoore
1353 2777 1390 2840 in
1413 2774 1495 2839 coelo
1520 2774 1622 2840 lovem

391 2884 500 2967 otdpcts
517 2885 689 2948 mistimct:
710 2882 748 2946 id
764 2887 794 2946 et
814 2883 911 2947 doctis
927 2883 1054 2965 puriter
1071 2888 1099 2946 ct
1116 2883 1249 2948 sadaca
1265 2902 1454 2964 poematos
1472 2889 1523 2948 est.
1560 2879 1624 2947 Sed

378 3013 430 3055 ·ex
453 3012 491 3056 ea
511 3011 590 3054 voce
613 2988 669 3073 qui
691 2993 804 3053 natum
827 2989 871 3052 sit
892 2989 1034 3070 emoliri,
1058 2989 1145 3073 quod
1167 3011 1243 3054 sana
1266 2989 1383 3054 mirum
1405 2990 1501 3054 alicui
1521 2989 1625 3054 videa·

392 3102 456 3182 tur,
473 3095 637 3182 Hauptius
657 3099 792 3160 constus
809 3099 859 3160 est
877 3095 1037 3180 explicare
1050 3093 1146 3183 (Opp.
1162 3113 1201 3160 111
1219 3118 1249 3180 p.
1264 3095 1354 3182 458),
1376 3119 1448 3162 cum
1468 3095 1515 3162 sic
1528 3097 1625 3162 rstic-

391 3206 526 3288 cinctur,
549 3203 684 3285 expoliri
701 3202 918 3287 depravatum
946 3201 1029 3268 nihil
1057 3203 1192 3267 condere
1219 3202 1283 3266 nisi
1305 3223 1343 3268 aa
1359 3203 1477 3288 pardi,
1506 3208 1540 3269 et
1561 3203 1624 3269 hoc

351 3340 378 3380 rc
393 3311 478 3397 quod
494 3308 607 3376 Cicero
627 3311 697 3395 ipse
716 3309 855 3375 scribere
873 3331 939 3374 non
956 3311 1098 3393 potuerit
1113 3333 1132 3374 a
1145 3311 1253 3375 nescio
1274 3331 1337 3394 qno
1356 3333 1395 3375 ex
1414 3331 1491 3377 suas
1508 3311 1623 3377 aetatis

392 3440 538 3485 sermone
565 3420 706 3501 positum
734 3438 804 3481 csse
831 3438 890 3500 pro
913 3418 1037 3499 paritor
1060 3416 1146 3500 quod
1171 3414 1282 3482 Cicero
1311 3418 1490 3501 scripserat.
1535 3416 1624 3483 Hsec
1639 3404 1682 3479 14'

392 3527 447 3590 ills
470 3528 503 3588 et
527 3525 643 3588 mirum
666 3527 716 3587 est
737 3523 884 3607 profecto
906 3544 1149 3607 nonnumquam
1172 3526 1269 3589 etism
1292 3526 1493 3589 acutissimos
1516 3528 1549 3589 st
1567 3524 1624 3609 qui

393 3630 552 3715 quandam
576 3631 779 3694 severitatem
802 3629 965 3695 iudicandi
988 3652 1064 3715 praa
1088 3652 1122 3694 se
1145 3630 1228 3695 ferre
1251 3632 1357 3695 solent
1375 3632 1537 3715 speciosae
1556 3652 1624 3697 cor·

393 3739 545 3803 rectionis
567 3735 732 3801 blanditiis
756 3736 904 3801 seductos
931 3736 1132 3802 incredibilia
1158 3758 1295 3802 nemore.
1342 3735 1394 3802 An
1417 3759 1484 3802 non
1506 3742 1555 3805 est
1577 3740 1624 3803 iu·

392 3843 544 3909 credibile
573 3844 659 3928 quod
687 3848 780 3909 docet
805 3842 982 3929 Hauptius,
1012 3842 1198 3909 Ciceronem
1219 3846 1344 3926 puriter
1371 3846 1537 3929 scripsisse
1564 3865 1623 3929 pro

392 3973 494 4035 eoque
517 3973 536 4015 a
558 3950 689 4015 librario
708 3971 746 4016 ec
763 3950 867 4033 poculi
885 3954 1050 4015 exaratum
1069 3971 1147 4035 esse,
1170 3950 1294 4034 quoda
1314 3948 1466 4016 Cicerone
1484 3952 1623 4017 ahenum

392 4080 451 4123 nec
474 4060 605 4123 omnino
628 4060 760 4145 vulgare
783 4079 885 4142 genus
909 4062 958 4123 cst
981 4056 1120 4141 dicendi,
1148 4060 1181 4121 et
1203 4056 1267 4123 hoc
1289 4056 1427 4142 denique
1451 4058 1567 4123 abiisse
1590 4060 1623 4122 in

391 4166 525 4247 expoliri
551 4169 583 4229 et
610 4166 716 4250 ipsum
744 4164 877 4229 verbum
905 4186 1013 4229 rarum
1041 4168 1073 4228 et
1101 4165 1296 4249 quaesitum,
1327 4168 1363 4229 ut
1390 4164 1441 4229 his
1468 4162 1624 4230 machinis

259 4308 262 4314 ,
391 4277 555 4358 postremo
570 4293 633 4335 vox
651 4270 761 4335 sddita
773 4270 940 4354 habeatur,
959 4292 1024 4354 qua
1041 4269 1123 4335 nihil
1138 4294 1218 4355 opus
1233 4276 1309 4337 erat.
1341 4270 1426 4336 Nam
1446 4272 1473 4335 si
1488 4270 1624 4336 Lactan-

352 4406 379 4446 so
392 4380 457 4444 tius
474 4380 599 4462 pos-iter
621 4376 730 4442 fovere
749 4377 927 4461 ridebatur,
949 4377 1153 4463 Augustinus
1172 4400 1243 4445 cum
1268 4378 1314 4443 ita
1332 4377 1445 4443 scribit
1464 4376 1512 4464 (in
1530 4377 1624 4463 epist.

392 4503 466 4549 svn
487 4483 520 4570 1)
544 4484 634 4548 illum
658 4484 749 4548 duam
771 4506 883 4563 unum,
913 4486 952 4549 de
977 4506 1037 4566 quo
1059 4491 1093 4549 ut
1120 4486 1236 4549 dictam
1264 4490 1308 4549 est
1329 4506 1351 4549 o
1372 4486 1522 4551 s’etcmbuc
1544 4484 1626 4551 docti

393 4592 567 4674 indoctique
588 4594 788 4671 comediam,
810 4613 852 4657 ne
875 4592 945 4676 ipse
968 4592 1097 4675 quidem
1118 4588 1281 4657 Ciceronis
1303 4592 1471 4656 immemor
1489 4590 1623 4657 videtur.

393 4696 457 4764 Sed
480 4698 558 4781 quid
580 4720 640 4762 nos
663 4697 742 4763 haec
765 4698 957 4781 testimonia,
980 4718 1053 4763 cum
1073 4698 1107 4763 in
1126 4698 1235 4763 codice
1254 4700 1297 4763 sit
1314 4698 1455 4781 expoliri,
1479 4696 1567 4785 quod
1585 4718 1624 4762 er

386 4806 510 4888 portior
533 4804 610 4869 oriri
634 4826 699 4869 non
722 4805 839 4889 potuit
884 4802 999 4889 Itaque
1015 4807 1141 4887 pariter
1163 4803 1378 4870 abiiciendum
1402 4810 1464 4890 est,
1493 4802 1627 4889 aepulis-i

392 4914 499 4975 autem
518 4916 555 4976 ut
574 4916 722 4976 sanarent
741 4933 823 4995 quse
841 4915 1007 4995 praeterea
1027 4910 1199 4976 commenti
1223 4916 1298 4975 sunt
1316 4912 1372 4976 vix
1391 4910 1489 4998 digna
1507 4909 1625 4977 habeas

392 5040 473 5103 quae
500 5018 690 5083 refutentur.
735 5016 806 5082 Nos
834 5018 911 5102 quia
936 5018 1069 5101 expoliri
1097 5039 1157 5083 nec
1181 5016 1318 5103 contigit
1341 5017 1447 5083 adhuc
1468 5038 1528 5085 nec
1551 5037 1626 5085 con·

392 5127 515 5212 tingere
537 5146 633 5210 posse
656 5124 783 5190 videtur
810 5129 847 5188 ut
873 5124 1027 5190 litterulis
1050 5126 1184 5191 mutatis
1208 5124 1247 5189 ad
1270 5124 1472 5209 probabilem
1495 5144 1623 5191 sensum

391 5237 425 5297 at
446 5254 540 5297 usum
567 5236 735 5297 revocetur
762 5235 795 5295 et
823 5233 899 5315 quis
930 5254 995 5317 quo
1027 5230 1100 5297 loco
1132 5232 1252 5318 legitur
1279 5252 1316 5297 co
1345 5252 1403 5297 nec
1430 5230 1498 5297 ullo
1528 5230 1624 5297 modo

391 5338 504 5404 haberi
536 5344 593 5404 aut
624 5338 763 5425 intelligi
790 5342 899 5423 potest
925 5360 986 5404 nec
1013 5338 1101 5403 aliud
1129 5360 1188 5423 pro
1221 5359 1259 5404 co
1292 5338 1463 5423 quicquam
1493 5336 1624 5404 omnino
