3925 6675
604 1172 655 1222 nu
672 1172 910 1223 mmnnrnnrs
929 1171 1086 1222 cremar
1105 1171 1336 1225 ornaremus.
1516 1154 1582 1234 243

387 1327 493 1395 ciusdem
515 1353 547 1416 p.
566 1332 630 1396 281
653 1333 873 1426 “prymaaaus
893 1333 1004 1414 patus,
1032 1333 1077 1396 aot
1102 1353 1190 1413 qaae
1214 1333 1304 1414 sanis
1326 1334 1472 1398 nauticas
1493 1334 1584 1397 reti-

386 1441 475 1516 patar,
504 1460 592 1520 quem
625 1440 686 1503 alii
715 1440 851 1506 tosillam
883 1438 1011 1504 damet?
1053 1437 1137 1516 Quid
1165 1461 1242 1526 ergo
1270 1440 1341 1504 est?
1369 1439 1585 1524 probamusne

386 1538 448 1607 hunc
461 1545 635 1628 explicandi
654 1544 793 1629 rhodum,
812 1547 865 1611 cui
882 1568 960 1610 usus
979 1545 1173 1610 testimoniis
1194 1546 1400 1611 confirmatus
1416 1551 1584 1631 tantopere

387 1645 458 1734 ova,
483 1657 514 1717 et
541 1652 710 1718 abiicimus
739 1675 836 1739 quam
865 1652 969 1716 adhuc
997 1654 1157 1716 constanti
1184 1657 1291 1718 mente
1317 1653 1480 1718 tenuimus
1509 1636 1585 1717 scri}

387 1757 480 1835 phiram
502 1761 536 1823 in
561 1758 699 1840 Cretam,
724 1781 805 1844 quae
828 1781 918 1842 sane,
941 1760 968 1822 si
991 1781 1066 1823 vera
1089 1765 1138 1824 est
1161 1759 1223 1823 ista
1246 1782 1342 1842 quam
1366 1759 1462 1824 hodie
1486 1759 1584 1846 vulgo

387 1861 491 1941 probmt
514 1867 675 1949 rdtpaadi
696 1868 801 1950 notio,
829 1866 957 1930 defendi
980 1887 1046 1930 non
1068 1866 1197 1950 poterit.
1233 1863 1272 1929 In
1296 1888 1359 1950 qua
1382 1888 1417 1930 re
1440 1867 1515 1931 dum
1538 1868 1585 1931 in-

387 1970 442 2033 art
464 1971 642 2057 haeremus,
673 1974 803 2039 interim
835 1973 933 2037 verba
962 1971 1057 2059 (171)
1090 1956 1224 2054 tempore
1248 1974 1357 2054 primo
1388 1973 1584 2037 attendimus

388 2091 458 2157 esque
475 2080 744 2162 quemadmodum
768 2081 959 2164 interpretes
983 2079 1186 2163 explanarint
1211 2079 1494 2164 circumspicimus.
1535 2079 1584 2144 De

388 2179 470 2260 quibus
486 2185 593 2251 Ellisii
617 2187 866 2252 commentarius
883 2186 964 2251 haec
981 2186 1079 2251 habet
1098 2187 1184 2273 (ipsa
1202 2186 1288 2251 enim
1307 2186 1406 2251 verba
1425 2186 1586 2250 afferenda

388 2288 449 2374 art)
471 2293 618 2375 ‘tempore
637 2294 762 2384 primc’
788 2300 912 2359 reticeas
938 2300 968 2358 to
994 2285 1043 2358 tlrc
1068 2299 1202 2359 moment
1227 2294 1315 2358 when
1342 2294 1489 2358 Amatae
1515 2293 1626 2375 firstra

387 2409 433 2458 aa
446 2398 589 2478 thecuam
608 2400 710 2465 Riesii
729 2404 836 2466 autem
856 2400 1021 2465 adnotatio
1040 2400 1119 2464 haec
1137 2401 1281 2482 ‘tempore
1288 2400 1407 2482 primo'
1423 2400 1473 2465 ata
1485 2402 1586 2464 metae

388 2494 451 2569 ttae
463 2510 578 2590 aafinq.
611 2506 655 2571 Hi
674 2507 777 2593 igitur
793 2507 858 2602 duo
877 2507 1068 2592 interpretes
1087 2506 1138 2570 hie
1158 2507 1264 2571 verbis
1283 2508 1454 2572 adventum
1468 2505 1585 2571 Thesei

388 2601 535 2679 inertem
563 2614 740 2700 significari
767 2615 895 2697 volunt,
923 2619 956 2678 et
984 2618 1115 2698 accepta
1138 2614 1201 2678 ieta
1225 2636 1320 2698 quam
1344 2617 1491 2678 statuunt
1512 2613 1586 2678 reli-

387 2718 456 2791 Μ
469 2721 682 2806 explicatione
699 2720 764 2785 iam
782 2720 829 2785 ita
845 2719 1076 2785 exclamantem
1091 2719 1247 2784 habemus
1261 2721 1446 2804 Ariadnam,
1464 2721 1586 2804 primo:

388 2820 476 2892 ”linem
502 2850 542 2892 ne
566 2826 662 2892 initio
685 2826 933 2892 Atheniensium
956 2849 1053 2891 naves
1077 2828 1118 2891 ad
1141 2824 1267 2891 Cretam
1292 2810 1445 2912 appulsae
1468 2831 1585 2910 essent,

389 2942 437 2993 tun
449 2931 565 2998 'lheseo
589 2933 714 2999 scilicet
736 2938 769 2998 et
790 2934 819 2998 si
842 2955 915 2998 cum
934 2933 1059 2997 Theseo
1082 2933 1235 2996 nimirum
1259 2933 1355 2997 etiam
1375 2955 1446 2996 cum
1466 2934 1585 3016 stipen-

388 3028 424 3098 lio
443 3037 503 3104 liro
530 3041 619 3124 quod
646 3040 829 3106 Minotauro
856 3040 1063 3105 tribuendum
1091 3045 1173 3123 erat3
1201 3039 1339 3104 secundo
1368 3044 1475 3104 autem
1498 3039 1584 3104 loco:

388 3140 475 3210 uh'nsn
496 3169 536 3212 ne
555 3145 699 3212 Theseus
722 3148 811 3232 (nam
833 3147 861 3211 is
880 3152 930 3211 est
940 3147 1086 3230 perftdm
1103 3148 1213 3211 navita
1235 3146 1312 3232 174)
1332 3166 1404 3210 cum
1424 3147 1584 3230 stipendio

386 3243 426 3313 illc
448 3275 552 3320 narem
585 3254 764 3339 appulisset
795 3255 835 3319 ad
864 3253 990 3319 Cretam
1018 3254 1052 3317 in
1081 3251 1238 3338 Cretaque
1266 3257 1374 3316 funem
1404 3254 1584 3340 religasset3

386 3350 489 3443 tuique
509 3361 621 3428 tertio:
642 3361 768 3426 'utinam
791 3384 832 3426 ne
854 3362 939 3426 idem
958 3361 1112 3445 Theseus,
1133 3366 1306 3445 postquam
1325 3382 1438 3425 navem
1458 3361 1585 3446 appulit
1598 3388 1625 3428 so

385 3459 546 3552 dhaem,
570 3470 604 3534 iu
627 3468 748 3533 nostris
769 3468 898 3534 sedibus
917 3470 1034 3553 hospes
1053 3468 1238 3552 requiesset.
1275 3466 1326 3531 lta
1343 3489 1419 3532 vero
1440 3467 1584 3533 Catullus

384 3569 420 3630 les
435 3571 506 3639 idern
527 3574 706 3640 Ariadnam
728 3575 929 3662 gravissimis
952 3575 1059 3639 verbis
1083 3575 1292 3640 devoventem
1315 3573 1453 3639 fecisset.
1491 3573 1585 3650 Quod

384 3672 425 3738 'ix
440 3681 580 3747 credibile
603 3687 653 3746 cst
676 3684 820 3767 potuisse
843 3682 986 3747 accidere
1005 3685 1071 3745 tam
1090 3681 1194 3765 polito
1212 3684 1335 3765 poetae.
1372 3679 1486 3764 Itaque
1505 3681 1585 3746 haec

384 3778 454 3848 aliter
467 3808 532 3853 esse
545 3789 787 3872 interpretanda
800 3788 956 3871 ducimus,
974 3792 1007 3852 ct
1021 3791 1117 3872 poeta
1132 3787 1271 3871 quidem,
1289 3791 1326 3849 ut
1339 3785 1433 3850 nobis
1449 3785 1586 3867 videtur}

384 3885 446 3955 ¹¹1th
464 3896 676 3979 praetermisit
703 3896 876 3980 quominus
899 3894 1059 3960 sententia
1081 3899 1113 3958 et
1137 3894 1271 3958 consilia
1294 3915 1352 3957 sua
1375 3897 1459 3957 recte
1483 3892 1585 3975 accipi

384 4007 497 4081 ponent,
520 4002 619 4067 modo
647 4002 765 4067 indicia
788 4002 856 4067 eius
880 4002 1071 4085 interpretes
1095 4001 1220 4066 curiose
1244 4000 1345 4063 secuti
1368 4003 1482 4063 essent.
1521 3997 1583 4074 Qui

385 4116 441 4166 tum
458 4106 496 4172 ita
514 4114 625 4174 narrat

510 4216 562 4281 Ale
584 4218 714 4293 misera,
738 4215 878 4281 assitme
899 4236 995 4296 pesam
1018 4214 1148 4279 anam
1171 4215 1341 4278 catenavit

511 4323 665 4405 Spieosua
686 4323 831 4406 Marsa
853 4342 957 4387 accras
978 4322 1015 4385 iss
1031 4327 1153 4403 pectore
1175 4340 1267 4384 arros

511 4430 579 4495 lltu
602 4436 790 4513 tempestate,
811 4431 900 4511 saroa
922 4448 981 4509 qao
1004 4446 1041 4491 ea
1063 4433 1197 4508 tempore
1221 4427 1353 4491 lteram
1598 4454 1630 4495 aa·

510 4537 665 4619 Barasasa
686 4539 791 4602 wate
812 4557 828 4601 e
850 4536 993 4600 literatos
1015 4533 1127 4598 Piraei

443 4633 475 4702 lb
512 4644 627 4727 Attr‘ps't
648 4645 763 4708 iniusti
785 4644 866 4724 repis
892 4642 1048 4723 Gortynia
1071 4646 1155 4704 tecte.

344 4742 378 4799 ¹0
407 4769 410 4775 ·
513 4735 597 4816 Nam
615 4750 778 4833 persam
799 4749 874 4815 otim
897 4748 1016 4812 maddi
1032 4752 1118 4828 peste
1140 4753 1276 4810 maetam

513 4857 754 4939 Andropeorscae
771 4875 891 4938 mesas
912 4854 1064 4920 exsolvere
1086 4853 1190 4917 caedis

513 4963 636 5029 Eleates
658 4965 783 5028 maenas
804 4962 900 5027 amal
922 4966 950 5025 et
973 4962 1064 5025 denes
1087 4963 1291 5041 innuptarum

517 5067 694 5154 Cecropim
717 5069 868 5134 solitam
892 5087 969 5132 csse
991 5067 1102 5148 dapem
1126 5067 1201 5129 clare
1224 5066 1417 5130 Minotauro.

446 5164 479 5231 80
518 5177 593 5258 Quis
614 5182 751 5259 aequata
773 5175 869 5241 malis
891 5195 960 5239 cum
983 5174 1107 5237 moenia
1129 5178 1326 5250 vexarentur,

515 5282 584 5364 Ipse
604 5304 698 5350 eram
722 5284 856 5350 masc
874 5302 934 5365 pro
957 5281 1042 5345 cara
1063 5298 1172 5359 corpas
1194 5278 1327 5341 Athenis

517 5388 671 5456 Prosae
692 5392 809 5472 aptam
826 5373 1050 5471 paisa‘qaam
1073 5384 1154 5449 ata
1178 5382 1301 5447 aanor

1318 5484 1370 5537 16⁸
