3925 6675
406 1104 472 1170 342
605 1107 638 1158 n.
656 1106 771 1156 monn
789 1105 1004 1156 neouronuu
1020 1103 1261 1156 nmasussuu
1281 1101 1447 1172 reossrooo.

403 1269 680 1346 nemesim,
703 1268 780 1348 quio
801 1263 1638 1349 quaestocraoirtussoireooupotsstaisiiustas

400 1386 443 1441 ‘oc
464 1376 599 1459 sopiens.
633 1373 735 1440 Paulo
758 1372 976 1460 negligentius
998 1372 1078 1438 baec
1100 1370 1288 1436 Lactantius
1312 1393 1352 1436 ex
1371 1369 1533 1438 Ciceronis
1551 1369 1636 1436 libro

404 1481 571 1549 transtulit
597 1481 632 1546 in
658 1503 767 1563 suum,
794 1502 869 1549 cnm
896 1479 995 1546 rerba
1020 1485 1077 1544 out
1098 1479 1138 1544 ab
1160 1478 1226 1544 illis
1246 1479 1446 1560 fortitudinis
1467 1477 1637 1542 retinuerit

405 1587 534 1673 quidem
560 1588 627 1653 sed.
645 1610 683 1653 ea
710 1587 856 1671 adquae
878 1586 958 1652 haec
979 1585 1199 1671 pertinebant,
1226 1585 1284 1650 illa
1306 1585 1443 1652 dicimus
1466 1585 1504 1650 de
1527 1583 1637 1650 Deciis

403 1698 437 1760 et
461 1692 668 1778 Scipionibus
690 1695 768 1759 viris
790 1692 944 1777 fortibus,
967 1691 1065 1775 simiss
1088 1715 1160 1760 eum
1183 1693 1354 1777 negatione
1377 1691 1534 1757 omiserit:
1561 1714 1635 1757 nam

401 1801 511 1886 ipsum
540 1801 699 1883 omisisse,
725 1823 793 1866 non
818 1800 953 1885 periisse
980 1821 1057 1868 casu
1085 1803 1141 1866 aut
1168 1820 1289 1883 errore,
1316 1798 1385 1864 eins
1412 1799 1459 1865 rei
1482 1798 1637 1864 indicium

404 1930 473 1972 esse
496 1912 606 1973 monet
628 1908 741 1992 editor,
764 1907 850 1992 qnod
868 1907 965 1992 paulo
989 1911 1064 1992 post
1085 1908 1239 1990 sapientes
1262 1902 1487 1993 (plinsoptos)
1506 1904 1636 1990 quidem

402 2019 437 2079 et
459 2015 557 2081 inuios
578 2013 674 2099 dicat,
694 2016 790 2097 fortes
811 2018 1001 2100 praetereat.
1038 2011 1131 2090 Quod
1154 2035 1229 2078 vero
1254 2012 1372 2078 ibidem
1390 2012 1504 2078 scribit
1522 2012 1565 2079 iis
1581 2013 1638 2094 oui

404 2123 482 2188 iasii
497 2123 608 2188 babiti
633 2128 707 2188 suni
733 2123 880 2204 adenem
906 2123 1031 2187 iustitio
1057 2127 1113 2201 est,
1145 2119 1220 2186 inde
1241 2123 1405 2205 *putamus*
1426 2117 1638 2204 probabiliter

361 2259 392 2302 no
405 2228 524 2315 colligi,
540 2233 615 2294 ante
637 2229 701 2295 duo
724 2229 868 2312 nomina,
890 2229 1036 2294 Fabricii
1059 2232 1091 2292 et
1113 2227 1281 2307 Aristidis,
1305 2227 1417 2310 fumeo,
1441 2247 1636 2312 quamquam

405 2335 493 2420 quod
516 2338 701 2420 insequitur
727 2336 767 2400 ab
793 2336 850 2401 boc
875 2335 977 2400 videri
1004 2336 1109 2421 possit
1135 2355 1200 2400 non
1224 2335 1340 2400 'referri
1368 2333 1430 2400 nisi
1458 2333 1499 2398 ad
1527 2355 1635 2398 unum.

400 2442 508 2527 *Atqui
525 2443 624 2508 rerba
641 2449 697 2508 ocri
714 2443 882 2522 Aristides,
902 2464 984 2526 quae
1002 2442 1172 2509 Lactantio
1191 2465 1263 2508 cum
1283 2440 1436 2508 Cicerone
1455 2441 1637 2507 communia

404 2553 495 2633 sunt,
523 2549 716 2615 recentiores
743 2549 848 2621 critici
869 2547 1002 2615 loannis
1023 2547 1191 2616 Michaelis
1215 2547 1410 2636 Heusingeri
1431 2547 1559 2614 decreto
1583 2547 1638 2613 ob

405 2659 618 2741 temperantes
645 2677 710 2720 uno
737 2677 794 2720 ore
821 2656 1034 2742 suppositioia
1061 2679 1129 2722 esse
1157 2656 1348 2735 clamarunt,
1378 2654 1560 2720 rationibus
1588 2653 1637 2720 illi

403 2762 535 2847 quidem
558 2763 618 2847 usi,
641 2763 759 2846 quibus
780 2767 933 2848 putamus
955 2771 1023 2830 iton
1044 2763 1183 2848 multum
1200 2763 1345 2848 'probari
1382 2761 1466 2828 Nam
1485 2761 1570 2848 quod
1589 2761 1636 2826 di-

402 2873 491 2953 cunt,
513 2869 541 2934 si
564 2869 628 2934 ‹luo
646 2871 779 2937 nomina
798 2872 875 2950 sint,
897 2871 996 2937 rerba
1018 2872 1119 2937 iustus
1141 2872 1324 2937 numiam
1347 2871 1431 2934 stare
1454 2891 1519 2934 non
1543 2891 1636 2954 posse

402 2980 437 3043 et
459 2976 615 3061 pluralem
631 2985 807 3043 numerum
830 2979 920 3044 verbi
942 2977 1074 3063 requiri,
1088 2999 1162 3042 non
1185 2980 1272 3043 recte
1294 2999 1362 3042 rem
1386 2973 1561 3060 accipiunt:
1584 2997 1639 3041 ne·

405 3104 467 3166 que
485 3083 575 3150 enim
598 3083 664 3149 dno
686 3084 856 3150 coniuncte
877 3084 1066 3168 afferuntur,
1089 3084 1144 3150 sed
1168 3085 1261 3168 quasi
1280 3083 1412 3168 optione
1431 3081 1505 3149 deta
1524 3079 1637 3148 Cicero

404 3190 451 3255 ita
467 3191 623 3276 loquitur,
641 3211 711 3257 crim
729 3192 899 3258 Fabricius
916 3198 973 3258 aut
988 3193 1019 3257 si
1037 3193 1138 3257 mooe
1152 3191 1311 3257 Aristides
1328 3191 1428 3256 iustus
1446 3190 1637 3272 mones,

363 3327 391 3369 ,ο
405 3301 442 3362 nt
466 3297 679 3381 nepotuerit
702 3298 834 3383 quidem
855 3297 1062 3381 multitudine
1084 3298 1174 3365 uerbi
1198 3297 1256 3363 uti.
1292 3295 1331 3363 Iu
1354 3296 1415 3364 hac
1437 3299 1545 3363 autem
1568 3317 1637 3363 ora·

404 3405 493 3469 tione
520 3427 585 3469 non
613 3406 720 3470 minue
747 3410 832 3472 recte
859 3405 900 3470 ab
925 3406 981 3471 boc
1006 3406 1093 3489 quod
1116 3410 1165 3471 est
1187 3404 1273 3491 apud
1296 3404 1512 3489 Lactantium,
1540 3426 1637 3488 quam

406 3512 493 3595 quod
518 3510 680 3577 Ciceronis
694 3511 785 3579 ‚libri
811 3516 972 3577 testamur
998 3512 1039 3577 ab
1064 3513 1116 3579 bis
1138 3512 1351 3579 illisduobus
1375 3510 1560 3578 nominibus
1582 3534 1637 3596 ap·

404 3618 519 3701 plicari
546 3619 663 3703 potuit.
700 3617 792 3694 Quod
819 3641 896 3685 vero
924 3618 1021 3697 etiam
1049 3620 1155 3685 verbis
1183 3626 1344 3701 umquam
1367 3640 1388 3683 a
1410 3620 1550 3701 sapietis
1571 3640 1638 3683 nou

405 3746 500 3809 posse
522 3726 586 3789 nisi
607 3746 708 3791 unum
731 3726 906 3813 significari
930 3726 1053 3809 uolunt,
1074 3727 1162 3813 fugit
1184 3748 1239 3791 eos
1262 3728 1355 3810 ratio,
1378 3726 1406 3791 si
1427 3726 1556 3811 quidem
1575 3724 1637 3792 boc

405 3832 590 3917 pariterue
610 3834 705 3915 fortes
727 3832 823 3899 etad
845 3836 963 3901 iustrsm
987 3836 1121 3900 iustosve
1143 3834 1247 3899 redire
1270 3854 1400 3899 neeesse
1419 3836 1481 3917 est,
1503 3854 1564 3899 neu
1582 3832 1636 3898 du·

405 3938 495 4007 bium
518 3944 567 4005 est
585 3941 801 4025 quinomissa
819 3941 944 4008 iustitia
961 3941 1000 4007 de
1018 3941 1098 4006 solis
1114 3940 1255 4007 fortibus
1273 3939 1481 4007 reatesoribi
1494 3940 1638 4025 potuerit

404 4066 475 4111 nim
495 4048 592 4128 fortes
612 4050 677 4113 oiri
698 4054 985 4127 commoneretis,
1009 4048 1048 4113 ab
1070 4048 1333 4130 irssoriitudieis
1354 4052 1596 4129 contemptione
1615 4068 1637 4113 a

403 4156 543 4237 raptem
564 4157 684 4237 petitu
705 4156 887 4239 mondum.
921 4153 1036 4239 Itaque
1060 4154 1112 4219 his
1135 4154 1265 4239 quidem
1289 4154 1471 4221 rationibus
1493 4153 1636 4221 nondum

405 4260 500 4327 nobis
528 4261 675 4327 videmur
701 4284 742 4329 ex
768 4284 806 4329 ea
832 4264 992 4327 sententia
1019 4261 1134 4327 deiecti
1162 4282 1230 4327 esse
1258 4282 1322 4347 qua
1348 4260 1542 4345 putabamus
1568 4282 1636 4329 ora-

363 4368 510 4455 aotionis·
535 4367 673 4435 formam
705 4392 802 4453 quam
829 4368 941 4436 Cicero
972 4370 1116 4435 instituit
1142 4390 1208 4435 non
1236 4390 1336 4435 rmum
1364 4372 1491 4434 tantum
1519 4388 1637 4435 nomen

404 4476 494 4541 ferre
511 4482 568 4540 aut
586 4476 732 4561 flagitare
751 4476 807 4540 sed
824 4474 882 4541 illa
899 4476 963 4541 duo
982 4474 1108 4567 duobus
1128 4475 1264 4541 metibus
1284 4475 1427 4541 stabilita
1445 4496 1512 4541 uon
1529 4476 1635 4541 miuus

405 4582 571 4648 commode
593 4584 743 4667 recipere.
782 4582 844 4647 Sed
868 4583 973 4648 critici
995 4605 1059 4666 quo
1082 4582 1199 4648 certius
1218 4585 1367 4648 evincant
1385 4584 1520 4647 alterum
1539 4604 1578 4648 ex
1596 4584 1637 4649 iis

405 4688 591 4754 nominibus
614 4690 735 4756 alienae
759 4691 867 4755 manui
891 4694 1057 4773 acceptum
1075 4690 1162 4774 ferri,
1184 4688 1247 4754 hoc
1265 4694 1452 4775 argumento
1471 4692 1637 4773 tamquam

405 4795 598 4881 gravissimo
621 4800 765 4879 utuntur,
788 4796 874 4881 quod
895 4794 1049 4861 Graecum
1074 4818 1190 4862 nomen
1210 4796 1364 4863 Romanis
1384 4796 1568 4861 immixtum
1588 4794 1637 4861 ci-

405 4903 530 4967 ceronis
547 4924 672 4969 morem
690 4906 747 4967 aut
764 4902 860 4968 huius
879 4902 943 4968 loci
961 4908 1109 4969 naturam
1129 4902 1210 4969 mele
1230 4904 1350 4988 deceat3
1369 4904 1465 4988 idque
1482 4902 1636 4969 indicium

406 5015 532 5077 uatum
551 5010 656 5076 ualere
669 5010 865 5095 praedicant,
882 5014 920 5076 nt
932 5011 1089 5078 Aristidis
1102 5033 1220 5076 nomen
1234 5014 1300 5076 tam
1315 5014 1402 5076 certo
1417 5010 1492 5075 hinc
1506 5008 1634 5076 anelare
1654 5008 1692 5065 1²

405 5118 519 5183 iubeat
538 5140 635 5202 quam
658 5118 742 5201 130,
763 5118 826 5184 109
846 5119 1052 5185 Xenocratem
1072 5118 1300 5184 severissimum
1313 5116 1567 5199 pbilosophorum
1585 5138 1639 5181 ex·

407 5224 524 5307 cludat,
547 5229 661 5310 utpote
684 5229 717 5289 et
739 5226 847 5310 ipsum
870 5230 989 5290 temere
1013 5234 1039 5288 a‘
1054 5226 1161 5291 nescio
1185 5245 1249 5308 quo
1274 5224 1314 5289 ed
1337 5222 1484 5289 Romana
1505 5222 1638 5289 uomina

406 5332 654 5420 agglutinatum.
686 5330 776 5398 Haec
789 5332 876 5397 viros
891 5332 1032 5398 eruditos
1046 5332 1129 5397 serio
1144 5350 1332 5416 proponere,
1351 5331 1404 5395 vix
1420 5329 1507 5395 orodi
1519 5334 1637 5415 posset,
