3925 6675
418 1121 484 1186 378
592 1124 652 1173 LII.
672 1123 788 1172 INDEX
805 1120 1020 1171 LEGTIONUM
1038 1118 1279 1170 HIBERNARUM
1300 1117 1385 1188 190ογ
1390 1121 1468 1172 1901.

417 1285 546 1350 σύνδυο
569 1283 725 1360 οὕστινας
748 1283 864 1367 βούλει
885 1293 953 1346 τῶν
971 1290 1143 1364 σοφιστῶν
1161 1285 1189 1345 ei
1206 1281 1332 1362 saepius
1349 1279 1435 1346 alai.
1459 1279 1651 1362 lepidissime

412 1413 485 1474 γαρ.
505 1391 571 1456 300
584 1390 639 1457 D.’
664 1389 743 1466 Quis
767 1411 831 1454 non
855 1390 902 1452 ita
924 1387 1130 1453 ratiocinanti
1153 1409 1267 1452 manus
1292 1386 1435 1451 dederit?
1467 1385 1556 1452 Idem
1578 1411 1650 1453 ean·

415 1499 488 1562 dem
507 1498 692 1582 opinionem
712 1500 904 1581 exposuerat
922 1496 987 1559 iam
1004 1517 1030 1559 a.
1048 1493 1133 1559 1858
1148 1495 1182 1558 in
1196 1491 1299 1558 Novis
1313 1493 1521 1558 Lectionibus
1536 1516 1567 1579 p.
1582 1493 1648 1560 646

414 1626 488 1669 eum
510 1603 590 1668 haee
613 1605 779 1668 scriberet:
803 1601 880 1667 Diei
897 1607 998 1684 potest
1020 1603 1091 1684 qais
1112 1611 1222 1666 ποιεῖν
1245 1599 1408 1685 ἀργύριον
1425 1601 1523 1685 πολύ,
1546 1622 1650 1683 maerer-

414 1713 583 1777 admodum
615 1717 644 1776 et
675 1710 872 1794 ἐργάζεσθαι
900 1710 1049 1794 χρήματα
1076 1709 1182 1773 πολλά
1209 1713 1237 1772 et
1263 1706 1367 1772 πλέον
1394 1707 1557 1792 ἀργύριον
1584 1707 1649 1774 άπὸ

414 1821 535 1902 σοφίας
564 1825 733 1902 εἴργασται
760 1814 861 1903 (Prot.
880 1816 981 1898 Hipp.
1001 1815 1085 1880 Mai.
1098 1837 1133 1898 p.
1153 1814 1218 1878 282
1230 1814 1278 1900 D)
1307 1820 1336 1879 et
1362 1818 1566 1899 πεντήκοντα
1593 1813 1649 1880 καὶ

415 1923 534 1991 ἑκατὸν
556 1935 641 2010 μνᾶς
664 1924 868 2009 εἰργασάμην
891 1921 939 2009 (p.
959 1922 1025 1987 282
1034 1919 1085 2008 E)
1108 1928 1137 1987 et
1159 1921 1258 1986 multa
1280 1921 1418 1986 similia:
1445 1923 1528 1986 eade
1550 1923 1650 1988 ιιιινίε

412 2033 508 2115 forde
534 2039 578 2098 eet
595 2033 706 2097 ιιιοιιάο
728 2031 861 2096 liberere
883 2031 982 2096 ῑοαιιιι
1005 2032 1042 2094 ia
1063 2030 1182 2094 οἰάιιια
1199 2049 1233 2110 p.
1253 2027 1363 2093 28213
1384 2029 1454 2114 ἰδίᾳ
1476 2026 1649 2108 ἐπιδείξεις

413 2141 614 2223 ποιούμενος
638 2142 845 2224 ..χρήματα
876 2137 985 2202 πολλὰ
1016 2136 1191 2218 εἰργάσατο
1223 2132 1292 2218 [καὶ
1319 2131 1451 2219 ἔλαβεν]
1485 2134 1521 2201 ἐκ
1547 2137 1648 2218 τῆσδε

373 2276 401 2316 ιο
414 2256 473 2330 τῆς
499 2249 632 2323 πόλεως.
664 2248 694 2311 ei
720 2247 790 2328 qaia
816 2246 896 2310 seire
923 2244 999 2309 volet
1025 2243 1109 2308 ande
1131 2243 1312 2324 impertrare
1333 2243 1425 2307 verba
1447 2243 1506 2307 Ῑιιιι
1530 2243 1648 2308 ineerta

412 2356 478 2419 aiat
498 2354 640 2436 perlapsi
666 2354 756 2418 modo
784 2353 892 2417 laeam.
928 2349 1042 2435 Nuper
1068 2348 1091 2414 Ι.
1110 2347 1135 2413 Ι.
1153 2348 1350 2414 Hartmanur
1379 2349 1417 2413 de
1445 2347 1647 2414 emblematis

412 2461 447 2524 in
466 2459 611 2525 Platonis
634 2463 727 2524 textu
750 2459 855 2523 obviis
874 2455 992 2544 (1898)
1012 2480 1043 2542 p.
1058 2457 1101 2521 96
1117 2454 1230 2521 Cobeti
1254 2455 1445 2522 sententiam
1467 2453 1519 2520 hia
1539 2455 1646 2520 verbis

412 2567 602 2631 confirmare
634 2565 759 2630 studuit
790 2572 867 2630 reeta
897 2565 1107 2647 depositorque
1136 2563 1254 2645 aliquis
1282 2564 1337 2644 qai
1368 2568 1435 2627 orte
1465 2581 1525 2628 αιο
1556 2567 1647 2645 αιριιε

412 2673 515 2738 labore
542 2694 609 2737 rem
636 2673 714 2737 feeit
740 2673 847 2738 πολλά
874 2675 1023 2756 χρήματα
1048 2669 1254 2756 ἐργάσασθαι
1278 2670 1403 2734 dieitur.
1432 2669 1553 2751 [aleam
1576 2689 1646 2752 ονρο

411 2779 501 2846 erae
522 2780 578 2845 hoe
599 2780 663 2845 loeo
685 2779 824 2845 alimum
847 2778 930 2843 illud
950 2779 1006 2842 :rai
1029 2774 1140 2860 ἔλαβε,
1167 2777 1250 2858 quod
1271 2781 1326 2841 οιιι
1349 2775 1388 2840 dr
1409 2796 1442 2841 oo
1465 2775 1647 2858 dicipulos!

409 2888 466 2969 qai
484 2889 593 2969 rapuit
608 2889 770 2969 [ιιιαιαιαα
787 2893 832 2952 eat
849 2883 1039 2970 (‘eumpsit’)
1058 2890 1114 2949 aut
1132 2884 1169 2948 de
1186 2904 1220 2948 ao
1238 2885 1289 2948 eui
1304 2885 1407 2966 pratia
1425 2883 1508 2948 dona
1526 2883 1646 2948 denter

411 2991 553 3080 (amr
560 2992 591 3081 ¹)
615 2993 783 3059 Postremo
798 2991 974 3059 Sobanzius
991 2990 1103 3056 Cobeti
1119 2991 1310 3057 auctoritate
1323 2993 1433 3054 motus
1447 2985 1536 3075 (nam
1549 2988 1646 3054 Hart-

410 3101 498 3165 mani
521 3100 651 3165 libellus
674 3101 834 3186 posterior
856 3098 919 3186 est)
943 3098 1063 3164 omisso
1084 3097 1180 3163 verbo
1200 3101 1349 3182 suspecto
1368 3095 1448 3162 haee
1465 3096 1511 3161 ita
1529 3096 1642 3162 edidit:

570 3205 744 3286 ἐπιδείξεις
779 3207 980 3290 ποιούμενος
1008 3255 1015 3270 .
1040 3255 1047 3269 .
1076 3207 1224 3289 χρήματα
1261 3205 1368 3269 πολλὰ
1400 3203 1575 3288 εἰργάσατο
1608 3203 1645 3270 ἐκ
1692 3225 1703 3244 ·

368 3343 396 3382 so
570 3315 670 3398 τῆσδε
693 3324 750 3399 τῆς
772 3316 906 3391 πόλεως.

499 3420 663 3506 Operaene
684 3421 823 3505 pretium
843 3425 893 3485 est
910 3420 1081 3505 inquirere,
1101 3441 1164 3504 quo
1184 3420 1253 3483 iure
1272 3440 1375 3503 quave
1393 3419 1456 3483 fide
1475 3420 1537 3483 viri
1555 3418 1643 3485 dooti

409 3528 546 3593 alterum
574 3552 613 3593 ex
642 3528 767 3593 duobus
796 3528 901 3592 verbis
930 3526 1179 3611 proscripserint
1202 3525 1543 3611 proturbaverintque,
1570 3548 1642 3593 eum

408 3636 597 3719 praesertim
621 3636 683 3699 ista
705 3635 830 3700 iactura
847 3656 888 3698 ne
906 3638 1021 3699 noeeat
1039 3634 1168 3718 quidem
1188 3633 1344 3698 orationis
1362 3633 1507 3699 formae?
1537 3632 1641 3699 Nemo

408 3740 495 3805 enim
519 3741 575 3825 qni
599 3739 748 3806 Sohanzii
769 3740 916 3806 libellum
939 3742 1016 3806 terit
1040 3741 1212 3827 quiequam
1237 3739 1443 3806 desiderabit:
1471 3740 1535 3805 nisi
1558 3740 1641 3805 forte

408 3848 616 3913 adnotatione
638 3848 822 3914 admonitus
845 3847 1000 3934 intelligit
1023 3848 1086 3913 duo
1110 3848 1207 3912 rerba
1231 3848 1392 3931 comparia
1409 3846 1511 3911 fuisse
1530 3868 1569 3912 ex
1588 3846 1641 3912 iis·

408 3976 472 4039 que
497 3954 635 4021 alterum
663 3956 795 4021 editoris
823 3977 900 4022 eura
927 3956 1120 4040 ademptum.
1158 3954 1228 4032 Quo
1257 3954 1357 4037 facto,
1383 3954 1448 4018 nisi
1474 3954 1570 4039 plane
1595 3954 1641 4018 in-

406 4064 554 4128 curiosus
572 4066 644 4147 quis
663 4068 721 4147 est,
741 4063 882 4150 cogitare
899 4067 933 4129 et
946 4083 1055 4127 seeum
1070 4061 1246 4127 deliberare
1259 4061 1401 4145 incipiet,
1419 4060 1498 4145 quid
1510 4062 1640 4127 tandem

407 4192 447 4234 ex
466 4171 572 4235 verbis
591 4170 728 4256 geminis
747 4192 895 4254 peccasse
911 4171 1048 4235 alterum
1062 4168 1218 4252 credatur,
1237 4172 1275 4233 ut
1288 4168 1408 4233 criticis
1423 4166 1640 4235 iudicantibus

407 4276 655 4343 condemnatum
674 4300 714 4342 ex
733 4278 869 4361 pristina
888 4298 946 4340 sua
964 4276 1039 4341 sede
1058 4277 1091 4340 in
1111 4276 1257 4339 infimum
1273 4276 1380 4339 loeum
1395 4275 1574 4361 relegatum
1588 4276 1639 4340 sit.

367 4410 394 4450 ιο
407 4382 457 4447 De
485 4404 548 4467 qua
575 4404 610 4448 re
639 4382 717 4468 quid
739 4384 835 4448 nobis
857 4382 1061 4447 sentiendum
1085 4382 1231 4448 videatur
1254 4381 1496 4466 explanabimus
1519 4382 1639 4466 paneis,

406 4488 483 4554 hino
514 4490 628 4555 exorsi.
670 4494 830 4573 Χρήματα
861 4487 1058 4573 ἐργάζεσθαι
1091 4489 1169 4573 quid
1202 4489 1399 4575 significaret
1431 4486 1573 4553 Cobetus
1604 4490 1639 4555 in

406 4595 525 4661 Mnem.
543 4598 563 4661 l
583 4618 608 4661 ο.
631 4597 824 4661 monstravit
847 4596 1002 4681 exemplis
1026 4617 1065 4659 ex
1084 4594 1207 4681 Hippia
1229 4594 1350 4679 petitis,
1374 4594 1490 4679 quibos
1509 4596 1538 4660 si
1556 4597 1639 4662 tenti

406 4707 455 4767 est
472 4701 547 4767 addi
565 4702 673 4786 potuit
691 4726 722 4787 p.
741 4702 772 4785 5,
794 4703 833 4768 ll
853 4708 991 4768 relatore:
1009 4700 1182 4787 ἐργάσεται
1201 4704 1357 4787 χρήματα,
1377 4701 1513 4768 alterum
1531 4706 1638 4768 autem

405 4808 589 4891 λαμβάνειν
611 4811 758 4894 χρήματα
782 4809 859 4894 quid
879 4809 942 4874 sibi
959 4808 1057 4874 vellet
1075 4814 1108 4874 et
1127 4831 1191 4894 quo
1210 4830 1269 4874 usn
1290 4813 1472 4893 poneretur,
1493 4808 1639 4895 reliquit3

404 4916 538 4981 eandem
561 4938 689 4983 eaumm
713 4939 811 5004 agens
835 4918 868 4981 in
891 4915 973 4981 Nor.
993 4916 1079 4981 Leot.
1098 4916 1118 4981 l.
1138 4939 1163 4981 e.
1186 4914 1408 4999 hortantum,
1431 4916 1459 4980 si
1482 4916 1539 5002 qui
1557 4918 1639 4982 seire

405 5026 545 5108 superet,
566 5024 652 5089 unde
675 5023 896 5110 importunum
914 5023 1048 5088 verbum
1068 5018 1216 5110 (ἔλαβεν)
1236 5024 1396 5088 invectum
1416 5026 1509 5107 esset,
1530 5022 1637 5089 loeum

404 5132 568 5218 perlegere
587 5130 689 5196 iussit
728 5130 829 5208 Quem
848 5130 978 5215 quidem
997 5152 1055 5195 nos
1074 5130 1236 5195 afferimus
1255 5133 1371 5213 totum,
1391 5130 1477 5214 qood
1497 5128 1638 5197 Cobetua

404 5239 523 5302 omisit.
561 5235 645 5303 Sunt
667 5239 752 5303 enim
776 5240 869 5322 haee,
891 5244 928 5304 ut
950 5260 1045 5324 saepe
1068 5238 1214 5326 dicimus,
1237 5260 1277 5303 ne
1301 5238 1512 5325 decipiamur,
1536 5238 1637 5306 oeulis

403 5344 610 5409 subiicienda
647 5344 735 5410 Haeo
759 5346 860 5433 igitur
882 5344 1043 5411 Soerates:
