3925 6675
399 1079 465 1144 296
565 1083 690 1136 XLVIII.
709 1082 824 1133 INDEX
844 1079 1058 1133 LEOI'IONUM
1076 1080 1318 1132 HIBERNARUM
1338 1083 1468 1152 1898199.

399 1242 487 1320 Quae
511 1265 548 1308 oo
566 1244 687 1309 tutiora
706 1244 862 1321 videntur,
886 1241 1019 1326 quodsi
1040 1243 1117 1327 quid
1136 1242 1210 1305 inda
1229 1241 1355 1326 dooerpi
1374 1241 1455 1306 velia
1474 1241 1629 1328 ambigas,
1652 1231 1689 1305 2'

398 1352 433 1415 i1'1
463 1354 566 1415 utram
595 1355 719 1435 partam
747 1351 862 1414 faloam
890 1350 1060 1432 immittas,
1088 1349 1301 1434 figmatamne
1330 1349 1363 1413 in
1387 1347 1565 1414 orationem
1589 1371 1632 1414 an

398 1479 482 1540 eam,
514 1479 596 1542 quae
628 1458 738 1522 eadem
770 1456 901 1541 proprie
929 1456 1029 1521 effert.
1071 1454 1160 1521 Haoo
1188 1458 1295 1520 autom
1325 1456 1352 1520 ai
1379 1459 1535 1540 temptare
1565 1477 1632 1520 non

396 1563 486 1650 lioat,
517 1563 620 1630 nihilo
649 1564 756 1629 minua
784 1564 973 1628 invehamur
1001 1564 1034 1627 in
1062 1562 1141 1629 haoo
1164 1585 1245 1647 quaa
1269 1562 1303 1626 in
1327 1561 1498 1647 Symposio
1521 1562 1633 1650 legun-

397 1675 452 1735 tur
473 1670 517 1756 (p.
540 1669 641 1758 1770)

559 1777 623 1861 ἐγὼ
651 1773 715 1844 οὖν
738 1776 891 1864 ἐπιθυμῶ
915 1778 982 1861 άμα
1004 1773 1066 1859 μὲν
1088 1779 1195 1864 τοάτφ
1218 1773 1364 1860 ἔρανον
1387 1779 1637 1860 εἰσενεγκεῖν

558 1885 613 1949 καλ
632 1887 884 1969 χαρίσασθαι,
902 1886 968 1970 ἄμα
987 1881 1024 1949 δὲ
1043 1883 1081 1950 ἐν
1099 1892 1143 1973 τῷ
1158 1886 1299 1970 παρόντι
1318 1883 1447 1970 πρέπον
1465 1907 1520 1968 μοι
1540 1885 1638 1950 δοκεῖ

559 1983 645 2056 εἶναι
669 2001 830 2076 κοσμῆσαι
853 1992 1021 2057 τὸνθεόν

400 2103 432 2163 et
464 2097 519 2164 καλ
551 2102 755 2184 χαρίσασθαι
787 2098 885 2162 varba
916 2098 1090 2164 violentius
1122 2097 1297 2163 avellamus
1329 2121 1401 2163 cum
1431 2097 1637 2164 Hartmano?

358 2231 384 2273 ιι
398 2204 491 2283 Quod
509 2206 604 2271 nobia
623 2205 752 2289 quidam
771 2209 879 2270 votare
897 2205 994 2270 otiam
1014 2205 1195 2290 exemplum
1210 2204 1484 2292 Aristophanaum
1500 2205 1636 2271 videtur.

397 2312 466 2377 Aut
493 2335 532 2377 ox
559 2312 621 2378 hao
647 2313 812 2396 praeclara
839 2312 978 2397 pictura,
1008 2335 1105 2396 quam
1130 2313 1168 2377 de
1191 2311 1357 2398 republica
1380 2311 1557 2378 v111553e
1580 2335 1634 2377 ax-

397 2419 509 2506 posuit

552 2517 616 2610 Ἆρ’
643 2525 705 2591 οὐκ
728 2531 792 2591 οῖει
814 2527 874 2591 τὸν
895 2536 1051 2592 τοιοῦτον
1074 2531 1147 2593 τότε
1170 2529 1218 2604 εἰς
1240 2527 1302 2610 μὲν
1325 2528 1385 2592 τὸν
1404 2531 1534 2612 θρόνον
1552 2525 1635 2592 ἐκεῖ·

559 2655 621 2697 νον
644 2633 682 2698 τὸ
706 2631 949 2717 ἐπιθυμητικόν
971 2656 1007 2698 τε
1030 2635 1083 2699 καὶ
1104 2635 1353 2719 φιλοχρήματον
1373 2633 1559 2717 ἐγκαθίζειν
1577 2631 1635 2698 καὶ

559 2738 665 2824 μέγαν
686 2739 825 2823 βασιλέα
847 2750 957 2805 ποιεῖν
980 2739 1018 2805 ἐν
1041 2739 1154 2828 ἑαυτῷ,
1178 2739 1293 2825 τιάρας
1316 2764 1350 2805 τε
1374 2739 1428 2806 καὶ
1452 2743 1638 2826 στρεπτοὺς

558 2847 614 2912 καλ
642 2845 800 2923 ἀκινάκας
822 2847 1098 2931 παραζωννύντας
1126 2849 1162 2912 τὸ
1187 2846 1226 2913 δέ
1247 2870 1285 2931 γε
1308 2851 1498 2930 λογιστικόν
1520 2870 1554 2912 τε
1578 2845 1634 2912 καὶ

560 2949 740 3037 θυμοειδὲς
758 2954 857 3036 χαμαὶ
875 2950 979 3019 ἔνθεν
997 2951 1052 3019 καὶ
1070 2950 1174 3020 ἔνθεν
1192 2955 1424 3038 παρακαθίσας
1442 2951 1504 3019 ὑπ’
1518 2953 1587 3020 ἐκεῖ
1610 3019 1618 3042 ,

559 3061 624 3125 καλ
656 3061 1061 3146 καταδουλωσάμενος
1087 3063 1125 3126 τὸ
1153 3057 1214 3143 μὲν
1242 3057 1344 3126 οὐδὲν
1371 3062 1452 3126 άλλο
1481 3059 1519 3147 ἐᾷ
1546 3063 1635 3144 λογί-

562 3171 677 3246 ζεσθαι
705 3167 785 3233 οὐδὲ
812 3178 950 3233 σκοπεῖν
977 3167 1049 3232 ἀλλ’
1081 3166 1101 3252 ἢ
1130 3167 1257 3233 ὁπόθεν
1284 3167 1317 3247 ἐξ
1345 3166 1532 3234 ἐλαττόνων
1558 3191 1637 3252 χρη-

561 3275 675 3359 μάτων
697 3275 799 3340 πλείω
822 3271 926 3359 ἔσται,
948 3277 986 3342 τὸ
1010 3275 1048 3341 δὲ
1071 3271 1114 3343 αὖ
1137 3275 1322 3360 θαυμάζειν
1340 3273 1394 3341 καὶ
1414 3285 1513 3357 τιμᾶν
1530 3275 1639 3359 μηδὲν

561 3383 643 3447 ἄλλο
666 3382 687 3466 ἢ
709 3384 856 3448 πλοῦτόν
877 3406 911 3447 τε
935 3380 990 3447 καὶ
1015 3384 1207 3467 πλουσίους,

401 3489 565 3555 aiioiomua
588 3509 661 3553 oum
685 3489 796 3554 eodem
819 3489 917 3554 verba
939 3490 993 3554 καλ
1017 3491 1364 3573 κα.·αδουλωσάμενος,
1388 3512 1479 3574 quaa,
1503 3490 1529 3555 ai
1553 3488 1636 3555 nihil

401 3594 502 3679 aliud,
530 3594 791 3679 aequabilitatem
819 3596 960 3680 partium
989 3598 1022 3661 in
1050 3596 1112 3663 hac
1140 3596 1303 3661 luculenta
1331 3596 1543 3682 amplitudine
1567 3619 1638 3663 ora-

400 3702 501 3768 tionis
523 3724 590 3767 non
612 3700 726 3767 leviter
748 3702 923 3768 adiuvant?
959 3702 1012 3769 An
1035 3707 1121 3769 reate
1144 3704 1266 3789 aoripta
1284 3724 1352 3768 ease
1370 3708 1531 3789 putamus,
1554 3725 1638 3788 quae

401 3830 496 3875 nomo
520 3808 731 3893 addubitavit,
753 3809 792 3874 da
815 3810 981 3895 republica
1004 3827 1043 3875 111
1062 3835 1091 3895 p.
1112 3810 1203 3875 3890

563 3915 607 3982 ἂν
629 3914 688 4001 ἄρ’
710 3916 911 3983 ἄλλοντινὰ
934 3918 1087 4004 λαμβάνῃ
1111 3919 1321 4003 ψευδόμενον
1344 3916 1381 3983 ἐν
1399 3926 1439 4004 τῇ
1457 3920 1550 3983 πόλει
1570 3930 1639 3983 τῶν

563 4027 599 4089 οἳ
628 4023 820 4109 δημιοεργοὶ
851 4020 938 4109 ἔασι,
969 4024 1090 4106 μάντιν
1120 4024 1139 4108 ἢ
1169 4027 1286 4109 ἰητῆρα
1314 4036 1424 4091 κακῶν
1450 4024 1471 4109 ἣ
1499 4024 1637 4091 τέκτονα

563 4132 709 4216 δούρων,
727 4132 859 4196 κολάσει
878 4130 923 4208 ὡς
941 4129 1142 4216 ἐπιτήδευμα
1157 4132 1333 4215 εἰσάγοντα
1347 4134 1496 4209 πόλεως
1510 4132 1640 4215 ὥσπερ

564 4239 659 4315 νεὼς
683 4238 971 4322 ἀνατρεπτικόν
994 4262 1032 4303 τε
1056 4236 1116 4303 καὶ
1142 4238 1350 4323 ὀλέθριον,

362 4370 390 4411 ει
403 4368 468 4411 non
487 4350 574 4411 racto
592 4346 627 4409 in
646 4366 829 4429 oomparom
847 4344 979 4409 modum
994 4346 1134 4412 formata
1149 4367 1230 4430 quaa
1246 4346 1279 4410 in
1294 4344 1498 4431 Euthydemo
1513 4342 1639 4432 (275b)

402 4453 557 4538 leguntur
1159 4510 1164 4521 .

563 4554 634 4623 ἔστι
662 4558 700 4623 δὲ
727 4556 814 4634 νέος·
841 4558 1042 4643 φοβούμεθα
1066 4560 1108 4643 δὴ
1130 4557 1205 4645 περὶ
1229 4560 1328 4647 αὐτῷ,
1355 4549 1429 4625 οἷον
1453 4560 1539 4638 εἰκὸς
1562 4560 1639 4643 περλ

565 4663 645 4752 νέῳ,
671 4667 716 4749 μή
743 4688 794 4741 τις
816 4670 891 4749 φθῇ
914 4664 999 4749 ἡμᾶς
1022 4663 1083 4731 ἐπ’
1105 4667 1199 4731 ἄλλο
1222 4691 1258 4731 τι
1282 4664 1526 4751 ἐπιτήδευμα
1550 4664 1638 4751 τρά-

566 4784 640 4848 υας
662 4773 732 4856 τὴν
754 4772 941 4837 διάνοιαν
964 4770 1043 4856 [καὶ
1067 4772 1316 4859 διαφθείρω,

375 4908 382 4915 ·
405 4884 437 4943 et
460 4899 541 4963 quaa
564 4879 598 4943 in
621 4876 800 4965 Protagora
823 4877 904 4965 (313
913 4876 945 4965 a)

566 4987 598 5050 εἰ
621 4981 684 5069 μὲν
711 4979 775 5051 οὖν
802 4988 845 5051 σὺ
872 4986 1047 5071 τυγχάνεις
1075 4984 1264 5071 ἐπιστήμων
1289 4989 1417 5053 τούτων
1440 4989 1474 5053 τό
1494 4990 1639 5073 χρηστὸν

565 5091 620 5159 καὶ
649 5096 813 5177 πονηρόν,
840 5092 988 5179 άσφαλές
1011 5109 1064 5160 σοι
1087 5094 1249 5159 δινεῖσθαι
1271 5098 1451 5179 μαθήματα
1472 5096 1526 5161 καλ
1550 5094 1640 5177 παρὰ

566 5203 796 5285 Πρωταγόρου
815 5250 865 5285 ..,
893 5202 923 5266 ελ
949 5196 988 5265 δὲ
1014 5204 1072 5285 μή,
1103 5200 1165 5285 δρα
1192 5200 1236 5285 μὴ
1263 5200 1339 5284 περὶ
1367 5210 1437 5279 τοῖς
1465 5200 1641 5285 φιλτάτοις

566 5307 736 5392 κυόεύῃς
764 5306 817 5391 [τε
844 5305 909 5372 καλ
936 5308 1199 5393 κινδυνεάῃς].
1233 5305 1287 5373 καὶ
1316 5308 1379 5392 γάρ
1407 5308 1449 5392 δὴ
1473 5304 1527 5373 καὶ
1549 5308 1641 5373 πολὺ
