3925 6675
446 1172 513 1239 242
673 1176 755 1228 xer.
774 1174 891 1227 lunen
909 1173 1123 1229 neeuouuu
1142 1176 1374 1230 luerrvruuu
1393 1178 1472 1231 1aer.

445 1338 611 1423 scripsisse
637 1344 767 1422 poetam
794 1358 853 1401 nec
880 1359 975 1421 posse
997 1338 1067 1403 fieri
1091 1338 1168 1423 quin
1192 1337 1328 1422 pulchra
1351 1340 1455 1403 oratio
1480 1338 1681 1405 emendando

445 1445 642 1529 depravetur.

533 1551 678 1615 Tertium
702 1550 848 1615 addimus
872 1552 923 1617 cui
947 1552 1025 1617 item
1046 1576 1065 1617 a
1084 1550 1279 1617 Graecorum
1299 1572 1445 1617 sermone
1463 1550 1588 1636 aliquid
1606 1552 1683 1618 aub-

444 1658 518 1722 sidii
540 1658 690 1742 petimus.
728 1657 811 1723 Sunt
834 1658 932 1723 verba
954 1659 1034 1723 haee
1057 1658 1198 1723 eiusdem
1224 1658 1374 1723 carminis

604 1766 747 1847 luppiter
768 1767 973 1847 mouipoteus,
995 1768 1120 1831 utrum
1145 1786 1186 1830 oe
1207 1771 1341 1847 tempore
1356 1767 1463 1847 priore

606 1872 729 1938 Genua
753 1870 918 1954 Cecropiae
938 1875 1108 1955 Mipieeett
1130 1872 1224 1937 litero
1240 1892 1373 1955 perpure,

604 1979 763 2045 Indomito
784 1999 840 2045 neo
861 1980 936 2045 diro
957 1980 1062 2062 ferens
1083 1980 1243 2061 παρρησία
1266 1985 1356 2044 tauro

605 2086 754 2169 Perfidus
775 2087 810 2150 in
833 2084 961 2151 Cretam
982 2086 1144 2169 religasse
1165 2088 1276 2151 nocito
1296 2087 1418 2167 sonere,

495 2192 558 2256 175
604 2192 671 2258 Nec
691 2194 796 2258 motas
816 2194 868 2259 tio
889 2194 994 2259 cetone
1016 2194 1101 2258 dulei
1124 2194 1263 2257 crudelia
1284 2194 1390 2274 forero

404 2324 430 2365 ro
605 2298 747 2365 Consilio
770 2302 806 2364 in
827 2303 943 2366 uostris
964 2302 1128 2382 requiesset
1149 2300 1273 2365 sedebus
1293 2300 1408 2383 torpes.

442 2404 492 2470 De
519 2428 548 2469 v.
575 2406 639 2470 174
666 2406 824 2493 egendum
853 2412 915 2491 eet,
942 2408 976 2471 in
1005 2428 1069 2491 quo
1098 2409 1133 2471 in
1156 2404 1281 2472 Oretum
1308 2410 1346 2470 ut
1369 2406 1680 2491 suprascripsimus

443 2510 725 2598 Saugermaneueis
757 2515 857 2578 codex
885 2536 958 2578 cum
987 2513 1165 2598 plerisque,
1197 2516 1233 2577 io
1261 2511 1354 2579 Oreto
1381 2512 1573 2579 Oxoniensis
1601 2534 1681 2579 eum

442 2620 611 2703 perpaucis
629 2618 773 2705 exhibet3
792 2642 874 2704 quae
892 2625 941 2685 est
958 2622 1084 2685 minuta
1097 2620 1274 2703 scripturae
1289 2620 1478 2703 differentia,
1496 2642 1562 2685 non
1577 2618 1680 2707 digua

412 2754 415 2762 ¹
442 2746 524 2810 quse
546 2726 586 2791 ad
609 2726 765 2791 librorum
788 2728 1012 2793 auctoritatem
1036 2727 1206 2810 referatur3
1235 2728 1334 2792 immo
1357 2727 1421 2791 nisi
1444 2726 1573 2792 eliunde
1595 2726 1678 2811 quid

440 2854 553 2898 rerum
572 2834 615 2898 sit
632 2832 843 2900 demonstrari
856 2838 973 2917 potest,
993 2835 1055 2898 iste
1069 2856 1127 2899 nos
1143 2834 1357 2918 discrepantia
1370 2855 1484 2917 parum
1499 2832 1678 2899 adiuvabit.

440 2939 543 3024 Atqui
564 2940 627 3004 hoe
649 2940 785 3005 mirifice
807 2940 924 3005 accidit
945 2940 1033 3024 quod
1055 2940 1248 3006 vetustiores
1271 2939 1419 3025 editores,
1443 2962 1525 3025 quos
1543 2940 1678 3025 quidem

440 3047 653 3130 inspeximus,
680 3068 791 3111 omnes
819 3048 855 3111 iu
882 3045 1008 3112 Cretam
1035 3046 1216 3129 ediderunt,
1243 3048 1437 3113 recentiores
1464 3046 1611 3133 plerique
1637 3050 1678 3113 ira

441 3152 550 3231 Oreto,·
586 3174 669 3217 unus
700 3152 925 3218 Lachmannue
961 3154 1101 3219 servavit
1138 3156 1173 3218 iu
1207 3152 1332 3219 Oretum
1368 3176 1506 3239 eumque
1543 3158 1677 3219 secutus

440 3258 602 3344 Hauptius
629 3263 662 3323 et
689 3260 745 3344 qui
768 3258 904 3344 Hauptii
928 3258 1090 3325 Catullum
1118 3264 1193 3346 post
1220 3260 1351 3325 editoris
1380 3260 1505 3327 obitum
1534 3260 1585 3326 bis
1607 3260 1677 3325 iam

400 3393 427 3433 ao
440 3368 635 3452 recognovit.
671 3365 725 3431 Illi
748 3368 872 3451 antiqui
895 3368 1033 3432 editores
1052 3368 1251 3452 plerumque,
1273 3371 1311 3433 ut
1329 3369 1457 3454 assolet,
1480 3369 1571 3434 teciti
1590 3368 1679 3436 hanc

440 3495 537 3556 quam
560 3479 739 3557 sequuntur
760 3477 952 3559 scripturum
970 3475 1242 3560 praetermittunt,
1264 3473 1365 3560 probe
1383 3497 1463 3560 earn,
1486 3479 1523 3540 ut
1541 3475 1712 3544 crederet

439 3580 524 3664 licet,
546 3579 774 3666 intelligentes,
797 3581 852 3646 sed
871 3582 1046 3666 siquando
1066 3583 1240 3669 attingunt,
1263 3581 1408 3646 solvendi
1426 3583 1492 3648 vim
1511 3584 1546 3648 in
1564 3581 1674 3650 verbis

439 3689 475 3752 io
494 3685 619 3753 Οναίανα
640 3689 800 3770 religasset
819 3691 927 3770 funem
945 3695 1134 3776 agnoscunt,
1157 3689 1246 3754 velut
1264 3687 1409 3775 Scaliger
1427 3689 1540 3756 scribit
1558 3687 1675 3776 'ligare

438 3793 548 3859 funem
575 3801 624 3859 est
652 3793 702 3860 ἐπ’
732 3795 888 3879 ἀγκυρῶν
915 3795 1160 3879 ὁρμίζεσθαι..
1189 3801 1302 3862 eontra
1328 3795 1465 3882 religure
1487 3797 1599 3862 funem
1622 3801 1676 3862 est

439 3901 562 3965 solvere
585 3923 708 3986 navem,
730 3902 912 3986 proficisei',
934 3907 968 3967 et
990 3904 1054 3967 iam
1078 3907 1151 3967 ante
1170 3901 1368 3989 scaligerum
1393 3903 1529 3969 eundem
1548 3903 1581 3968 in
1600 3925 1673 3968 sen·

438 4029 509 4072 sum
541 4008 640 4073 rerba
667 4006 785 4073 catulli
812 4008 996 4073 Alexander
1024 4007 1185 4074 Guarinus
1219 4009 1448 4094 interpretetus
1479 4011 1527 4076 ita
1558 4009 1676 4076 scribit

438 4114 566 4181 ‘nautae
587 4115 665 4182 fune
687 4137 785 4180 naves
807 4117 882 4199 palo
904 4117 939 4180 in
962 4117 1058 4198 litore
1082 4115 1216 4202 elligere
1239 4115 1352 4200 solent,
1376 4117 1449 4181 ideo
1468 4137 1541 4182 cum
1561 4115 1675 4202 aliquo

437 4223 586 4304 tendunt,
613 4223 723 4286 funem
750 4221 902 4308 religant,
930 4222 964 4286 id
991 4227 1040 4286 est
1068 4223 1217 4287 solvunt?
1256 4221 1343 4300 Quos
1371 4223 1500 4306 quidem
1525 4223 1673 4288 ridemus

437 4328 537 4410 ligore
559 4335 591 4392 et
607 4329 742 4412 religare
756 4331 864 4410 funem
882 4330 918 4392 in
935 4331 1001 4393 vim
1022 4329 1213 4394 contrariam
1232 4329 1448 4414 interpretari,
1470 4329 1560 4396 velut
1576 4331 1673 4414 figere

397 4459 424 4500 ao
437 4439 470 4497 et
486 4436 612 4517 refigere
630 4436 714 4500 inter
732 4457 767 4500 se
785 4437 906 4519 opponi
924 4435 1079 4500 solebant.
1112 4435 1319 4502 Recentiores
1335 4434 1454 4501 Getulli
1467 4437 1671 4522 interpretas,

436 4541 544 4604 missis
576 4541 641 4605 illis
669 4563 728 4606 nee
755 4543 953 4624 memoratis,
984 4543 1119 4625 religare
1143 4543 1251 4624 sunem
1281 4545 1315 4608 in
1343 4541 1436 4608 Crete
1463 4542 1503 4608 de
1530 4541 1669 4629 appulsu
1780 4545 1781 4562 ¹

437 4648 611 4731 accipiunt,
639 4649 671 4712 id
699 4649 786 4732 quod
812 4647 1007 4716 Graecorum
1031 4649 1156 4714 dicendi
1179 4671 1295 4736 genere
1318 4653 1511 4735 πρυμνήσια
1534 4649 1670 4734 ἀνάψαι,

436 4757 598 4838 πείσματα
625 4756 722 4838 δῆσαι
749 4755 927 4840 declarant,
953 4761 987 4820 et
1013 4761 1140 4841 praeter
1167 4761 1290 4822 ceteros
1317 4755 1426 4822 Ellisii
1450 4757 1575 4822 erudita
1598 4755 1670 4822 dili·

436 4862 545 4946 gentia
566 4863 670 4926 multa
691 4864 854 4947 congessit
877 4864 995 4946 quibus
1020 4860 1214 4928 Graecorum
1235 4862 1519 4949 Romanorumque
1542 4863 1670 4930 dicendi
1779 4867 1780 4874 ’

435 4989 530 5032 usum
549 4969 736 5053 explicaret,
759 4970 849 5034 cuius
869 4970 980 5054 copiis,
999 4991 1079 5053 quas
1098 4969 1272 5054 compilare
1291 4971 1451 5052 nolumus,
1469 4969 1548 5036 haec
1566 4992 1669 5056 panea

434 5075 591 5161 addimus,
614 5075 721 5141 Ovidii
739 5075 824 5140 Fast.
843 5093 880 5140 ιν
894 5076 957 5140 331
984 5095 1046 5141 noco
1068 5077 1195 5141 ederus
1218 5097 1332 5158 quemue
1353 5077 1490 5160 relipoot
1511 5079 1547 5142 iu
1563 5077 1671 5160 stipite

432 5185 541 5265 sunem
560 5234 568 5248 .
586 5205 613 5262 .,·
641 5184 697 5248 lue
723 5185 850 5249 oderat:
881 5204 997 5266 prteroo
1024 5183 1145 5248 solvunt
1172 5205 1193 5247 o
1219 5185 1323 5266 stipate
1347 5185 1473 5265 funem
1505 5183 1598 5248 Pauli
1627 5205 1667 5250 ex
1778 5189 1779 5216 ³

433 5287 530 5354 Festo
553 5313 584 5376 p.
604 5290 669 5355 539
683 5289 742 5354 uu
772 5291 913 5356 ‘torrsilto
930 5289 1029 5373 potue
1051 5289 1174 5356 ᾱοῑαίαε
1196 5341 1203 5354 .
1224 5341 1230 5356 .
1254 5291 1309 5374 qui
1331 5293 1423 5358 novis
1444 5289 1669 5374 religandae

433 5415 531 5462 causo
556 5399 593 5462 tn
615 5397 702 5462 litore
723 5397 854 5481 figitur’,
880 5397 965 5462 unde
988 5395 1076 5462 Festi
1100 5418 1180 5480 quse
1204 5402 1328 5462 restant
1350 5399 1494 5483 suppleri
1516 5403 1667 5484 possunt,
