3925 6675
675 1143 723 1194 DE
741 1141 938 1194 THEOCRITI
956 1141 1110 1192 IDYLLIO
1125 1141 1211 1192 XVII.
1507 1139 1562 1202 -15

322 1305 429 1392 lust),
453 1311 509 1369 aut
531 1306 572 1369 ab
595 1303 787 1390 appellando
811 1301 894 1368 Orco
918 1301 1128 1366 abstinuisset
1151 1301 1282 1367 omnino
1305 1306 1402 1387 pocta
1424 1301 1561 1386 aliisque

323 1413 491 1479 coloribus
509 1435 587 1477 usus
606 1417 691 1477 esset
708 1410 826 1495 quibus
844 1411 938 1475 istam
953 1411 1146 1474 sententiam
1161 1413 1291 1473 ornaret
1303 1430 1368 1492 qua
1381 1408 1460 1474 dicit
1472 1406 1560 1474 Atri-

324 1521 440 1584 darum
464 1541 541 1604 opes
564 1519 721 1584 Troianas
744 1518 886 1601 direptae
909 1538 977 1580 esse
1000 1516 1106 1602 gloria
1124 1519 1279 1580 manente.
1316 1514 1409 1593 Quod
1427 1516 1455 1580 si
1473 1521 1561 1581 recte

323 1627 463 1693 dicimus
485 1648 590 1710 neque
613 1646 673 1690 nos
695 1646 808 1690 sensus
830 1622 928 1708 fallit,
955 1622 1115 1688 dubitatio
1139 1624 1243 1687 oritur
1265 1622 1304 1688 de
1327 1623 1460 1688 veritate
1484 1623 1560 1688 scri-

322 1739 450 1818 ptume,
474 1754 555 1817 quae
577 1753 644 1797 non
667 1732 714 1796 ita
737 1735 869 1816 accepta
891 1735 939 1795 est
961 1729 1121 1794 librorum
1144 1729 1207 1794 fide
1229 1729 1285 1795 sed
1304 1732 1488 1797 coniectura
1505 1730 1562 1797 do·

323 1846 453 1906 ctorum
480 1841 620 1904 inventa
665 1837 837 1904 Librorum
866 1838 951 1902 enim
980 1857 1154 1903 consensus
1182 1836 1266 1902 hanc
1288 1859 1398 1903 versus
1421 1837 1559 1903 formam

322 1950 466 2011 testatur

1002 2053 1043 2116 τὰ
1067 2049 1103 2116 δὲ
1126 2055 1229 2136 μυρία
1252 2061 1345 2136 τῆνα,

463 2161 547 2224 ὄσσα
569 2159 675 2244 μέγαν
699 2159 867 2244 Πριάμοιο
890 2160 996 2243 δόμον
1018 2159 1214 2224 κτεάτισσαν
1236 2156 1377 2241 ἑλόντες,

462 2267 550 2352 ἀέρι
573 2289 619 2332 πα
641 2265 821 2349 κέκρυπται
844 2265 928 2331 ὅθεν
950 2267 1053 2331 πάλιν
1075 2264 1186 2330 οὐκέτι
1209 2267 1337 2349 νόστος,
1575 2299 1610 2339 10

322 2376 389 2439 nisi
414 2373 502 2458 quod
525 2377 582 2438 aut
603 2382 650 2438 πᾶ
668 2378 725 2438 aut
742 2395 788 2438 πα
806 2373 962 2456 scriptum
982 2372 1144 2436 exhibent.
1182 2370 1245 2438 Sed
1263 2372 1342 2439 baec
1360 2379 1444 2439 certo
1462 2396 1561 2458 prava

323 2502 396 2545 esse
421 2503 494 2545 cum
517 2479 738 2564 superioribus
761 2479 882 2544 criticis
910 2480 1147 2544 consentientes
1174 2478 1244 2562 alii,
1274 2481 1350 2564 quia
1377 2502 1458 2564 quae
1486 2486 1560 2546 ante

321 2588 577 2653 memoravimus
600 2586 865 2672 aspernabantur,
886 2607 971 2650 nova
994 2586 1221 2669 procuderant,
1243 2587 1423 2652 litterarum
1443 2587 1561 2653 ductus

322 2694 432 2780 magis
460 2715 556 2777 quem
585 2695 761 2758 sentcntiae
789 2692 1014 2758 necessitatem
1041 2695 1150 2758 secuti.
1208 2691 1322 2769 Qualia
1348 2694 1428 2761 haec
1455 2694 1496 2761 H.
1524 2694 1560 2759 L.

322 2800 481 2866 Abrensii
504 2801 643 2864 suntab
666 2800 736 2884 ipso
760 2822 818 2884 per
840 2798 965 2882 aliquot
988 2798 1144 2864 editiones
1167 2805 1346 2887 propagata

1001 2907 1042 2970 τὰ
1065 2905 1102 2971 δὲ
1124 2909 1227 2991 μυρία
1253 2917 1345 2991 τῆνα,

463 3015 545 3080 ὄσσα
566 3013 673 3097 μέγαν
696 3015 864 3097 Πριάμοιο
888 3013 995 3095 δόμον
1016 3014 1212 3078 κτεάτισσαν
1235 3011 1365 3091 ἑλόντες

462 3123 568 3205 όορι,
592 3129 635 3207 γᾷ
657 3120 848 3205 κέκρυπται,
872 3121 956 3186 ὅθεν
977 3120 1081 3185 πάλιν
1104 3120 1214 3185 οὐκέτι
1237 3123 1355 3198 νόστος

323 3235 382 3294 aut
412 3229 468 3293 illa
494 3227 644 3293 Maurioii
672 3225 843 3293 Schmidtii
870 3227 904 3292 in
935 3248 1047 3292 museo
1074 3225 1230 3293 Rhenano
1257 3227 1320 3294 vol.
1340 3246 1424 3292 xxm
1443 3252 1474 3314 p.
1496 3229 1560 3294 179

323 3338 494 3421 proposita
1574 3365 1608 3407 ao

462 3444 545 3509 ὄσσα
568 3441 674 3525 μέγαν
696 3442 864 3526 Πριάμοιο
889 3444 995 3528 δόμον
1018 3444 1214 3507 κτεάτισσαν
1237 3441 1365 3521 ἑλόντες

463 3542 484 3636 ᾇ
507 3549 644 3636 ἀρετᾷ,
666 3549 845 3633 κέκρυπται
869 3550 953 3615 ὅθεν
974 3572 1008 3614 π.
1032 3573 1059 3615 ο.
1083 3574 1111 3615 ν.

327 3657 474 3733 Quorum
492 3656 573 3720 illud
592 3655 773 3721 Meinekius
790 3658 931 3741 propriis
950 3657 1148 3743 argumentis
1166 3658 1328 3742 refutavit,
1351 3659 1437 3725 cadit
1454 3664 1561 3725 autem

327 3765 362 3828 in
390 3769 580 3848 utrumque,
608 3763 696 3846 quod
724 3763 916 3829 sententiam
944 3764 1111 3829 cumulant
1133 3787 1170 3829 eo
1194 3787 1258 3849 quo
1282 3765 1363 3831 nihil
1387 3789 1469 3851 opus
1493 3773 1563 3832 erat

328 3876 362 3935 et
388 3871 502 3936 scitam
531 3869 686 3935 orationis
714 3870 961 3956 descriptionem
990 3870 1205 3954 pessumdant.
1252 3870 1315 3938 Sed
1341 3872 1376 3937 hi
1400 3878 1506 3939 tamen
1530 3879 1564 3939 et

329 3979 402 4062 ipsi,
424 3978 487 4042 nisi
511 3976 663 4060 fallimur,
685 3977 766 4041 moti
789 3978 928 4041 maxime
951 3976 1058 4042 verbis
1082 3980 1166 4043 ὅθεν
1184 3978 1286 4044 πάλιν
1305 3980 1416 4045 οὐκέτι
1433 3983 1562 4064 νόστος,

331 4084 458 4149 inferna
480 4083 657 4169 significari
680 4084 804 4164 volunt,
827 4084 959 4168 quibus,
987 4084 1111 4149 excidio
1134 4084 1249 4150 Troiae
1277 4108 1358 4169 quae
1380 4092 1473 4171 parta
1495 4088 1562 4153 fue

332 4193 397 4255 rint
421 4190 560 4273 Atridis,
587 4189 776 4255 abscondita
801 4191 904 4255 iacere
932 4190 1089 4256 dicantur.
1136 4191 1342 4276 Eandemque
1370 4194 1559 4259 sententiam

332 4299 369 4362 l.
400 4296 597 4363 Fritzschius
630 4302 758 4363 secutus
791 4301 854 4380 est,
886 4320 958 4362 cum
993 4296 1063 4381 ἀέρι
1097 4300 1324 4383 intemptatum
1357 4300 1561 4385 relinqueret,

335 4404 528 4490 ‘caliginem’
550 4404 788 4489 interpretatus,
811 4403 886 4469 Orci
912 4408 1019 4469 autem
1043 4405 1272 4492 significationi
1295 4428 1335 4471 ne
1360 4407 1561 4474 indefinitum
1576 4434 1609 4476 so

332 4512 374 4576 τά
398 4510 509 4576 obesse
532 4510 703 4607 videretur,
726 4519 767 4598 τᾷ
790 4511 1023 4576 restituendum
1048 4513 1228 4578 coniiceret.

417 4776 464 4845 ⁸1)
483 4774 648 4830 Sententiae
675 4774 794 4830 sornam
823 4775 942 4829 dicimus
971 4774 1092 4830 similem
1120 4776 1177 4830 illis
1204 4794 1277 4847 quac
1299 4778 1438 4833 Diodorus
1462 4779 1563 4833 scribit

328 4871 487 4931 12‚3...
511 4865 558 4918 καὶ
579 4872 638 4927 τοῖς
657 4864 708 4933 μὲν
728 4866 759 4919 ἐν
776 4869 814 4935 τῷ
833 4866 883 4935 ζῆν
901 4864 989 4934 μηδὲν
1007 4863 1155 4935 ἀξιόλογον
1172 4866 1325 4934 πράξασιν,
1348 4866 1407 4937 ἅμα
1426 4876 1488 4931 ταῖς
1505 4876 1561 4922 τῶν

331 4954 464 5024 σομάτων
481 4956 621 5016 τελευταῖς
640 4954 867 5023 συναποθνήσκει
887 4955 936 5007 καὶ
955 4954 990 5007 τὰ
1010 4954 1079 5009 ἄλλα
1097 4955 1191 5009 πάντα
1209 4956 1244 5009 τὰ
1262 4956 1335 5011 κατὰ
1349 4957 1398 5011 τὸν
1413 4954 1484 5029 βίον,
1502 4966 1563 5020 τοῖς

331 5044 359 5098 dl
381 5041 421 5097 δι’
450 5042 553 5112 ἀρετὴν
576 5042 842 5112 περιποιησαμένοις
860 5041 947 5108 δόξαν
966 5042 997 5097 αἱ
1015 5044 1129 5110 πράξεις
1148 5043 1261 5099 ἅπαντα
1279 5046 1328 5100 τὸν
1346 5046 1437 5100 αἰῶνα
1455 5066 1563 5115 μνημο-

330 5133 467 5199 νεύονται,
486 5136 537 5186 aut
554 5148 627 5200 quae
645 5130 794 5200 Euripides
814 5131 857 5201 (fr.
874 5138 925 5185 ⁷³4
939 5132 1047 5187 Nauck.
1063 5134 1106 5188 cd.
1122 5137 1161 5203 ιι.)

489 5221 572 5290 ἀρετὴ
591 5220 623 5276 δὲ
642 5219 696 5276 κᾶν
714 5219 793 5293 θάνῃ
810 5241 853 5283 τις
871 5222 922 5276 oda
941 5218 1108 5286 ἀπόλλυται,

488 5316 520 5381 ζῇ
540 5306 568 5364 δ’
590 5308 682 5365 οόιιέτ’
703 5308 785 5372 ὄντος
803 5311 938 5381 σώματος·
957 5320 1070 5365 κακοῖσι
1088 5310 1120 5366 δὲ

488 5397 602 5455 ἅπαντα
621 5400 734 5467 φροῦδα
753 5396 935 5455 condaris&
955 5400 1012 5454 ὑπὸ
1031 5400 1145 5470 χθονός.
