3925 6675
618 924 798 976 semisonis
816 924 1010 974 PLATONICI
1029 923 1332 974 OBSERVATIONES.
1531 920 1596 984 373

358 1085 395 1149 in
428 1107 472 1151 ea
497 1108 593 1152 eausa
621 1107 716 1170 quam
744 1084 869 1171 agimum
893 1085 1036 1151 effecisse
1058 1084 1152 1149 nobis
1176 1084 1335 1166 videmur,
1363 1087 1470 1148 tamen
1493 1083 1599 1148 verbis

362 1212 381 1255 a
407 1193 528 1275 quibus
551 1192 688 1277 profecti
711 1213 822 1257 sumus
844 1192 1092 1276 studuereque
1114 1193 1176 1275 τὴν
1198 1202 1266 1255 τῶν
1289 1202 1460 1276 σοφιστῶν
1482 1189 1602 1275 τέχνην

366 1299 511 1365 nondum
540 1321 610 1365 esse
637 1299 838 1363 satisfactum
863 1298 1065 1363 arbitramur.
1104 1296 1184 1362 Cum
1209 1298 1293 1361 enim
1317 1297 1395 1361 haee
1419 1319 1500 1381 quae
1524 1299 1602 1361 artis

370 1404 639 1490 significationem
662 1405 783 1470 habent
806 1405 928 1470 ineerta
950 1405 1074 1491 origine
1098 1409 1170 1469 orta
1193 1426 1261 1468 esse
1281 1408 1433 1488 statuant,
1455 1403 1551 1468 rediit
1569 1405 1603 1467 in

373 1514 568 1594 memoriam,
601 1511 730 1577 eosdem
762 1514 818 1596 qni
849 1511 928 1577 haee
958 1513 1155 1576 induxerunt
1182 1512 1308 1595 saepius
1337 1511 1414 1574 alibi
1442 1513 1476 1575 in
1504 1512 1603 1576 simili

378 1616 478 1686 forma
505 1620 687 1686 sedulitatis
715 1617 966 1703 interpolatrieis
995 1619 1132 1704 vestigia
1159 1619 1337 1704 indagasse.
1379 1617 1466 1695 Quae
1494 1617 1604 1704 singil-

380 1723 466 1791 latim
491 1725 690 1812 inspicienda
716 1730 806 1808 sunt,
832 1748 874 1792 ne
901 1725 986 1790 forte
1012 1725 1089 1791 hine
1116 1730 1265 1790 nascatur
1293 1725 1380 1809 quod
1408 1730 1534 1790 nostras
1556 1747 1604 1789 ra

383 1830 479 1898 tiones
499 1834 669 1900 labefactet
692 1836 749 1897 ant
772 1836 909 1898 corruat.
946 1831 985 1897 In
1009 1831 1181 1917 Symposio
1206 1834 1250 1917 (p.
1270 1832 1322 1916 20,
1343 1830 1399 1918 17)
1423 1832 1502 1896 haee
1525 1832 1605 1896 dicit

385 1932 608 2023 Eryximaehus
631 1940 774 2006 medicus
797 1939 1047 2023 καθεωρακέναι
1070 1965 1127 2023 μοι
1151 1942 1239 2004 δοκῶ
1264 1939 1302 2003 έκ
1325 1948 1392 2022 τῆς
1412 1941 1604 2022 ἰατρικῆς,

387 2052 449 2127 τῆς
466 2048 649 2133 ἡμετέρας
675 2046 829 2132 τέχνης,
857 2047 901 2122 ὡς
924 2046 1024 2130 μέγας
1047 2047 1101 2111 καί
1124 2047 1319 2130 θαυμαστὸς
1341 2044 1396 2110 καὶ
1419 2044 1472 2111 ἐπὶ
1495 2058 1562 2110 πᾶν
1586 2046 1645 2111 ὁιο

388 2151 460 2229 θεὸς
477 2156 583 2238 τείνει,
607 2158 640 2219 et
660 2153 811 2236 deinceps
830 2151 969 2236 ἄρξομαι
989 2149 1026 2217 dt
1045 2152 1109 2217 ἀπὸ
1128 2161 1194 2235 τῆς
1214 2155 1391 2237 ἰατρικῆς
1410 2152 1525 2237 λέγων,
1547 2154 1604 2217 ἴνα

390 2256 441 2321 καί
462 2262 689 2346 πρεσβεύομεν
715 2263 786 2344 τὴν
810 2259 961 2343 τέχνην.
998 2258 1050 2323 Ex
1072 2259 1124 2323 his
1148 2258 1354 2346 Hirschigius
1377 2270 1434 2342 τῆς
1458 2263 1606 2343 ἰατρικῆς

392 2355 497 2442 (prime
515 2366 603 2453 loeo)
627 2367 769 2453 expellit,
791 2372 829 2431 nt
851 2365 930 2433 haee
953 2367 1040 2432 dieat
1058 2365 1295 2450 Eryximaehus
1318 2366 1354 2432 ἐκ
1372 2377 1430 2451 τῆς
1448 2366 1605 2451 ἡμετέρας

392 2467 498 2558 time.
531 2474 616 2558 Nos,
648 2475 676 2540 si
703 2473 782 2559 quid
809 2473 973 2538 abundare
1001 2473 1175 2557 videretur,
1208 2474 1334 2538 facilius
1362 2483 1421 2556 τῆς
1448 2473 1606 2557 ἡμετέρας

393 2573 492 2664 τέχνης
507 2582 625 2647 auferri
644 2581 801 2664 daremus,
820 2603 905 2645 nune
923 2585 961 2644 nt
974 2579 1210 2664 Eryximaehns
1228 2583 1274 2644 ita
1292 2580 1478 2664 loqueretur
1497 2602 1605 2663 qnem-

394 2678 544 2754 modum
571 2711 669 2774 supra
690 2686 819 2752 locutus
842 2693 891 2752 est
915 2688 959 2773 (p.
981 2688 1015 2770 7,
1037 2686 1091 2773 12)
1117 2685 1188 2771 ἐμοὶ
1212 2690 1310 2752 τοῦτό
1334 2710 1371 2770 γε
1395 2680 1485 2770 οἶμαι
1508 2687 1605 2751 κατά-

394 2784 483 2870 δηλον
505 2795 679 2880 γεγονέναι
706 2795 748 2861 ἐκ
776 2804 842 2877 τῆς
871 2796 1063 2880 ιάτρικῆς;
1090 2794 1282 2859 medicinam
1308 2794 1393 2857 enim
1417 2798 1518 2857 artem
1542 2793 1606 2857 diei

394 2897 511 2987 utreque
528 2904 601 2969 loeo
621 2924 639 2967 e
658 2925 693 2967 re
712 2906 789 2967 erat.
818 2899 878 2965 Sed
899 2922 971 2966 aum
992 2902 1186 2967 conferimus
1200 2899 1406 2987 Agathonem
1421 2898 1465 2985 (p.
1481 2900 1534 2982 34,
1549 2897 1606 2986 17)

394 2992 436 3065 ih
461 3008 611 3077 dissutam
644 3007 688 3074 ἵν’
725 3004 768 3074 αὖ
800 3006 856 3073 καὶ
888 3007 953 3091 ἐγὼ
985 3010 1055 3093 τῆν
1086 3007 1281 3092 ἡμετέραν
1313 3007 1454 3090 τέχνην
1480 3009 1605 3090 τιμήσω

393 3100 487 3200 ὅσπερ
503 3115 718 3201 Ἐρυξίμαχος
740 3117 802 3198 τὴν
825 3115 940 3197 αὑτοῦ,
962 3116 1099 3198 ιιοιῆτὴς
1121 3115 1139 3180 ὁ
1162 3118 1243 3190 θεός
1265 3119 1339 3195 κτλ,
1368 3135 1449 3198 qnae
1473 3113 1607 3178 redeunt
1620 3138 1648 3177 ιο

391 3210 431 3276 *d
447 3240 473 3303 p.
488 3223 543 3306 20,
563 3223 679 3307 18sq.,
705 3222 887 3306 intelligere
914 3220 1073 3304 videmur,
1101 3221 1247 3305 quamvis
1276 3222 1369 3286 aliter
1391 3220 1510 3284 sentiat
1532 3218 1607 3283 Hir-

390 3319 526 3416 th'gius,
549 3328 805 3415 Eryximuehum
829 3333 1002 3413 utrumqne
1025 3328 1179 3414 posuisse.
1217 3326 1278 3405 Qui
1303 3327 1390 3413 qnod
1413 3327 1608 3413 paulopost

388 3431 480 3521 1221,
497 3439 537 3504 18
561 3439 608 3504 ita
631 3436 711 3502 dicit
733 3437 864 3513 τούτοις
886 3434 1077 3519 ἐπιστῆθεῖς
1095 3432 1201 3519 ἔρωτα
1220 3434 1395 3519 ἐμποιῆσαι
1415 3435 1432 3501 ὁ
1452 3434 1608 3518 ἡμέτερος

387 3541 538 3623 'Otreres
556 3543 752 3629 Ἀσκληπιὸς
771 3593 800 3607 ..
819 3541 1023 3626 συνέστησεν
1045 3543 1116 3625 τὴν
1139 3542 1331 3625 ἡμετέραν
1354 3542 1505 3625 τέχνην.
1528 3543 1548 3624 ἦ
1567 3565 1607 3606 τε

388 3634 455 3708 οὖν
474 3654 625 3738 ἰατρικὴ
649 3651 759 3733 ὥσπερ
782 3649 867 3732 λέγω
891 3658 979 3714 πᾶσα
1003 3649 1059 3713 διὰ
1082 3658 1143 3714 τοῦ
1161 3654 1246 3713 θεοῦ
1265 3650 1387 3713 τούτου
1406 3652 1607 3732 κυβερνᾶται

387 3754 453 3837 ²²2,
470 3757 544 3826 hsee
563 3760 643 3824 scite
660 3756 784 3823 ramata
802 3756 906 3821 oratio
926 3759 1012 3820 certe
1030 3777 1095 3819 non
1115 3756 1249 3840 impedit
1267 3756 1440 3839 quominus
1458 3753 1515 3819 illo
1534 3754 1607 3819 loeo

388 3865 449 3931 (11¹0
467 3866 541 3934 haee
559 3864 697 3931 tendunt
715 3863 751 3929 ἐκ
768 3873 827 3947 τῆς
845 3865 1004 3946 ἰατρικῆς,
1023 3871 1081 3946 τῆς
1099 3862 1256 3947 ἡμετέρας
1275 3861 1390 3945 τέχνης
1410 3862 1607 3926 coniunctim

389 3951 500 4039 dherit.
531 3973 627 4039 Plato
648 3974 756 4035 autem
775 3991 847 4035 enm
865 3992 896 4054 p.
913 3969 964 4052 19,
978 3968 1021 4033 28
1041 3970 1100 4034 τὸν
1119 3971 1235 4052 ἰατρὸν
1249 3966 1468 4052 Ἐρυξίμαχον
1487 3967 1608 4051 scribit,

390 4063 443 4135 'lbi
461 4101 511 4146 nee
534 4100 654 4146 nomen
675 4098 734 4143 nea
757 4078 835 4140 artis
860 4076 1054 4162 significatio
1078 4075 1190 4141 abesse
1213 4078 1330 4159 potest,
1353 4097 1418 4139 non
1437 4074 1607 4138 immemor

391 4180 438 4241 ἢ
455 4183 702 4272 llryximachum
730 4182 887 4249 medicum
915 4204 985 4247 esse
1008 4184 1072 4246 iam
1096 4187 1169 4247 ante
1194 4181 1362 4268 (p.7,12.
1385 4180 1440 4268 18)
1465 4180 1606 4245 indieari.
1623 4207 1650 4245 ιο

393 4270 450 4351 Sed
470 4315 524 4360 nos
555 4293 728 4377 scriptores
755 4290 905 4355 libertate
931 4289 1108 4375 gaudentes
1136 4289 1255 4353 invitos
1283 4289 1317 4353 in
1345 4288 1608 4374 angustissimum

395 4400 493 4470 Qum
514 4398 707 4485 compellere
730 4419 797 4462 non
819 4397 1012 4462 desistimus.
1049 4395 1134 4461 Nam
1158 4396 1231 4460 vide
1255 4398 1332 4480 quid
1352 4401 1449 4481 agant
1469 4396 1556 4460 docti
1575 4396 1609 4459 in

395 4482 558 4575 Theseu.
597 4506 686 4584 Quae
713 4528 743 4589 p.
763 4506 820 4585 ee,
840 4505 883 4568 νο
911 4502 1060 4569 soe-aus
1089 4503 1167 4567 nou
1194 4506 1231 4568 τι
1260 4504 1297 4568 ιε
1324 4505 1366 4587 eu
1394 4501 1474 4585 ερον
1497 4526 1531 4567 τε
1554 4502 1608 4566 και

397 4608 446 4684 τῆς
463 4610 533 4700 ἐμῆς
555 4614 672 4698 τέχνης
691 4612 776 4696 [τῆς
793 4609 1043 4695 μαιευτικῆς]
1063 4621 1146 4692 σιγῶ
1165 4610 1246 4674 ὅσον
1264 4609 1390 4692 γέλωτα
1409 4610 1608 4693 ὀφλισκάνο-

399 4722 458 4797 Ρὲν,
475 4714 559 4807 οἶμαι
584 4717 621 4786 dl
644 4717 700 4785 καὶ
723 4718 876 4803 ξύμπασα
899 4716 919 4800 ἡ
943 4726 1004 4782 τοῦ
1028 4717 1243 4799 διαλέγεσθαι
1266 4719 1481 4801 πραγματεία,
1506 4739 1544 4780 ex
1567 4716 1608 4779 iis

401 4801 524 4894 Nabum
542 4826 627 4915 (obs.
642 4828 712 4892 crit.
726 4848 756 4909 p.
771 4824 807 4908 5)
825 4833 884 4906 τῆς
901 4832 1094 4908 μαιευτικῆς
1114 4824 1257 4908 sustulit,
1276 4845 1357 4906 qnae
1376 4823 1460 4887 idem
1475 4845 1504 4905 p.
1522 4822 1607 4902 129

403 4926 504 5021 ’ίίμῆ
531 4935 628 5021 τέχνῃ
657 4933 742 5018 [τῆς
764 4929 1001 5016 μαιεύσεως]
1025 4926 1148 5011 τὰμὲν
1172 4932 1256 4995 ἄλλα
1279 4931 1418 5013 ὑπάρχει
1442 4929 1503 4993 ὅσα
1527 4927 1607 4993 ἐκεί-

405 5041 469 5119 ms,
486 5041 634 5127 διαφέρει
658 5040 696 5106 δέ
718 5046 764 5127 τῷ
787 5061 822 5103 τε
845 5037 970 5119 ἄνδρας
993 5036 1077 5102 ἀλλὰ
1095 5038 1138 5121 μὴ
1158 5049 1319 5120 γυναῖκας
1336 5036 1533 5117 μαιεύεσθαι
1552 5032 1607 5098 καὶ

407 5138 441 5218 'll
458 5147 506 5224 τὰς
532 5150 639 5234 ψυχὰς
666 5148 778 5214 αὐτῶν
805 5143 980 5219 τικτούσας
1009 5142 1201 5210 ἐπισκοτεῖν
1228 5144 1311 5208 ἀλλὰ
1333 5144 1377 5226 μὴ
1401 5144 1440 5207 τὰ
1464 5143 1607 5225 σώματα,
