3925 6675
336 2025 498 2101 XLVIII.
525 2028 679 2102 INDEX
705 2030 986 2104 LECTIONUM
1013 2031 1342 2105 HIBEIRNARUM
1371 2029 1531 2131 1898l99.

282 2203 302 2260 8
409 2202 607 2268 Reveniente
630 2207 820 2271 necessstate
842 2205 991 2290 publicae
1008 2205 1184 2272 lectionum
1204 2207 1455 2274 academioarum
1473 2231 1550 2275 enu-

317 2310 488 2376 merationi
501 2309 624 2394 aliquid
637 2313 847 2396 praefationis
860 2312 1035 2378 litterariae
1049 2313 1275 2398 praemittendi
1290 2313 1550 2400 Aristophanem,

317 2437 337 2479 a
359 2437 425 2500 quo
447 2418 588 2502 proximi
610 2419 768 2503 prooemii
786 2423 1010 2506 argumentum
1030 2419 1168 2503 petitum
1188 2425 1266 2505 erat,
1287 2421 1431 2487 nondum
1450 2423 1550 2488 mani·

317 2523 378 2588 bus
404 2545 628 2610 posueramus,
654 2547 691 2590 ac
717 2526 794 2591 licet
820 2525 1053 2591 intervenerint
1076 2547 1158 2611 quae
1180 2527 1384 2594 vehementer
1406 2528 1548 2594 animum

317 2652 512 2716 operamque
535 2637 730 2717 occuparent
750 2631 956 2717 amplumque
978 2631 1155 2698 disserendi
1178 2634 1344 2700 materiam
1367 2635 1482 2701 offerre
1505 2637 1549 2699 vi-

317 2737 482 2822 derentur,
507 2740 599 2804 velut
624 2739 839 2824 Bacchylides
865 2740 1022 2824 carmina,
1049 2740 1196 2806 certatim
1224 2740 1276 2806 his
1303 2741 1504 2827 temporibus
1529 2766 1548 2806 a

317 2845 512 2910 doctissimis
539 2850 677 2912 tractata
703 2850 737 2911 et
758 2846 943 2930 explanata,
970 2852 1077 2912 tamen
1100 2869 1173 2912 eum
1195 2849 1358 2913 tramitem
1382 2871 1477 2933 quem
1502 2851 1548 2914 in·

316 2953 419 3038 gressi
445 2974 558 3018 sumus
580 2955 719 3019 retinere
740 2952 906 3040 paulisper
927 2974 965 3019 ac
987 2954 1135 3039 persequi
1159 2953 1345 3038 maluimus,
1373 2955 1437 3020 nisi
1460 2955 1547 3039 quod

315 3059 356 3122 ad
377 3056 529 3143 Equites,
556 3059 596 3125 de
623 3082 687 3144 qua
713 3060 836 3144 fabula,
863 3060 959 3126 modo
988 3059 1075 3126 edita
1102 3065 1135 3124 et
1162 3061 1328 3126 emendata
1355 3085 1374 3126 a
1396 3059 1587 3147 Zaohero,1o

314 3168 385 3230 tum
408 3166 508 3232 verba
529 3167 678 3251 fecimus,
705 3167 813 3232 dedita
836 3188 935 3252 opera
956 3166 1061 3231 redire
1084 3167 1208 3234 animus
1231 3173 1382 3252 nonest,
1409 3174 1442 3234 et
1464 3191 1546 3253 quae

314 3273 378 3339 iam
396 3278 509 3359 parata
526 3280 627 3359 erant,
649 3272 710 3339 hac
728 3275 794 3340 tela
811 3275 1001 3360 interrupte,
1021 3277 1164 3359 repetere
1183 3275 1347 3359 nolumus;
1370 3275 1433 3342 alia
1452 3297 1546 3360 quae

315 3381 388 3446 dam
411 3381 650 3467 Aristophanen
673 3381 932 3466 disceptabimus,
955 3381 1072 3465 quibus
1095 3386 1151 3446 aut
1174 3381 1237 3466 ipsi
1255 3382 1467 3467 Aristophani
1490 3388 1546 3449 aut

314 3511 354 3553 ex
381 3488 600 3575 Aristophane
627 3488 700 3554 aliis
727 3489 939 3574 scriptoribus
965 3488 1088 3572 aliquid
1116 3489 1144 3553 si
1170 3487 1241 3554 fieri
1264 3493 1372 3573 pauet
1394 3489 1544 3555 utilitatis

314 3596 506 3662 conferatur.
544 3594 607 3661 Sed
635 3595 739 3661 multa
759 3618 826 3662 non
849 3600 926 3661 sunt
947 3618 1052 3680 neque
1074 3595 1141 3660 ulla
1163 3596 1333 3681 gravitatis
1356 3601 1412 3661 aut
1435 3598 1544 3662 iucun-

313 3701 424 3768 ditatis
450 3702 544 3769 laude
571 3704 726 3788 insignia,
753 3725 835 3787 quae
862 3708 970 3767 tamen
998 3702 1134 3767 fortasse
1162 3701 1393 3789 adolescentes,
1426 3704 1543 3789 quibus

313 3809 392 3875 haec
414 3810 521 3876 studia
543 3810 632 3875 cordi
659 3814 744 3893 suut,
767 3811 937 3876 admonere
960 3809 1096 3895 possint,
1118 3814 1155 3873 ut
1177 3809 1308 3875 anobis
1326 3812 1494 3895 proposita
1512 3817 1544 3876 et

312 3918 421 4002 aliqua
447 3922 541 3983 tenus
568 3916 727 4003 explicata
754 3917 821 3982 suis
849 3916 1128 3982 observationibus
1156 3918 1304 4000 persequi
1332 3938 1370 3981 ao
1391 3917 1543 4002 perticere

311 4025 422 4089 velint.

400 4130 534 4197 Initium
556 4133 651 4199 nobis
673 4131 850 4197 disserendi
872 4131 996 4196 faciunt
1013 4128 1308 4195 Ecclesiaausarum
1330 4152 1450 4214 versus,
1473 4132 1542 4214 qui·
1556 4157 1583 4199 ao

311 4238 372 4303 bue
390 4238 517 4304 vetulae
535 4243 696 4304 amatores
714 4238 858 4324 captanti
877 4237 1116 4303 adolescentule
1133 4236 1235 4301 eidem
1255 4236 1417 4302 venationi
1436 4236 1543 4302 dedita

310 4345 491 4431 respondet

473 4458 550 4520 Νῦν
572 4453 634 4539 μέν
656 4477 696 4539 με
719 4454 942 4537 παρακύψασα
963 4453 1158 4537 προῦφθης,
1182 4443 1208 4515 ὦ
1232 4451 1350 4535 σαπρά.

360 4560 425 4626 885
470 4558 538 4648 ᾤου
560 4560 591 4625 d’
618 4560 740 4646 ἐρήμας
762 4560 804 4626 οὐ
827 4560 997 4645 καρούσης
1020 4556 1143 4625 ἐνθάδε

470 4664 552 4752 ἐμοῦ
574 4672 754 4755 τρυγήσειν
777 4665 832 4733 καὶ
855 4664 1083 4751 προσάξεσθαί
1104 4689 1179 4730 τινα

470 4774 586 4863 ξἰδονσ
597 4796 604 4809 ·
627 4775 692 4859 ἐγὼ
715 4773 760 4857 d',
782 4774 825 4859 ἣν
847 4782 947 4839 τοῦτο
971 4775 1066 4859 δρᾷς,
1089 4768 1280 4859 ἀντᾴσομαι.

469 4884 519 4948 κεί
543 4885 606 4968 γὰρ
629 4880 675 4948 ds'
702 4885 805 4968 ὄχλον
829 4878 919 4947 τοῦτ’
945 4878 1016 4945 ἐστὶ
1039 4890 1109 4957 τοῖς
1131 4878 1327 4965 θεωμένοις,

469 4990 558 5075 ὅμως
579 4986 645 5075 ἔχει
668 4992 812 5075 τερπνόν
834 5014 866 5053 τι
889 4987 943 5053 καὶ
966 4989 1171 5076 κωμῳδικόν.

308 5095 397 5174 Quae
420 5099 500 5163 satis
521 5097 627 5182 lepide
650 5102 725 5163 sunt
748 5097 908 5183 exposita,
929 5117 1034 5180 neque
1056 5094 1090 5161 id
1113 5094 1238 5179 agimus
1261 5098 1299 5159 ut
1321 5092 1538 5159 dubitationes

308 5202 348 5269 de
379 5204 557 5290 scripturae
589 5205 789 5292 integritate,
821 5224 902 5289 quae
934 5201 1022 5286 quod
1054 5201 1192 5267 sciamus
1219 5200 1325 5266 adhuc
1352 5200 1536 5266 criticorum
1551 5228 1578 5269 ss

305 5310 415 5377 nullae
440 5310 586 5397 fuerunt,
613 5334 800 5377 moveamus
827 5311 931 5395 primi.
969 5307 1034 5376 Sed
1056 5309 1212 5375 sermonis
1235 5328 1332 5441 consp
1354 5327 1436 5390 quae
1459 5305 1538 5371 dicit

1273 5418 1304 5464 ιο
