3925 6675
739 1101 789 1152 DE
810 1101 928 1154 OVIDII
946 1100 1076 1152 FASTIS.
1487 1098 1531 1162 89

293 1264 451 1327 calcetur.
500 1262 563 1340 Qui
591 1262 722 1328 nomine
750 1262 901 1327 videntur
922 1285 1120 1346 numerasse,
1148 1263 1378 1327 sententiarum
1406 1262 1532 1328 confor-

296 1370 474 1434 mationem
498 1369 608 1434 minus
632 1371 816 1453 attendisse,
841 1392 906 1453 que
928 1375 1036 1434 temen
1059 1370 1260 1433 nascituros
1288 1391 1383 1452 quem
1408 1369 1533 1453 vitupe-

295 1475 431 1541 randum
462 1476 586 1541 ducunt
622 1477 794 1541 earundem
828 1498 940 1541 vocum
971 1475 1184 1540 iterationem.
1230 1475 1358 1540 Etenim
1392 1476 1531 1560 primum

294 1588 396 1667 poete
422 1584 539 1665 facien
568 1583 741 1668 dupliciter
768 1588 800 1647 et
828 1606 900 1648 cum
930 1584 1056 1670 generis
1082 1583 1242 1649 nobilitate
1269 1587 1301 1648 et
1329 1604 1400 1646 oum
1429 1585 1535 1648 animi

294 1690 487 1776 ingeniique
510 1690 641 1756 datibus
665 1689 912 1776 comparendum
936 1690 1028 1774 dicit,
1058 1690 1171 1754 deinde
1194 1689 1273 1754 heec
1296 1691 1371 1768 tria,
1394 1689 1532 1755 formem

244 1804 278 1859 10
293 1797 502 1862 nobilitatem
527 1797 706 1883 ingenium,
735 1819 817 1882 qnae
844 1797 942 1862 simul
965 1799 1069 1862 inesse
1092 1798 1126 1861 in
1148 1796 1270 1861 Marcie
1296 1797 1379 1879 vult,
1407 1795 1535 1884 colligit

293 1927 427 1988 unoque
455 1905 615 1970 sententie
641 1905 782 1988 reponit:
810 1906 846 1969 in
868 1905 926 1969 etia
948 1905 996 1970 Er
1018 1925 1116 1986 penus
1138 1911 1166 1969 et
1190 1906 1290 1986 facies
1316 1906 1536 1987 inpeniumque

293 2011 403 2077 umal.
440 2010 506 2076 Ubi
530 2011 585 2076 hic
607 2012 849 2097 reprehensioni
867 2013 959 2077 locus
979 2011 1052 2076 est?
1089 2010 1174 2087 Quin
1193 2011 1280 2093 quod
1298 2011 1446 2095 exposite
1465 2033 1534 2076 sen·

294 2119 402 2182 tentia
425 2140 536 2183 rursus
560 2118 708 2198 refertur,
730 2118 782 2183 vel
805 2119 945 2182 menime
968 2117 1118 2183 Ovidieni
1141 2119 1241 2183 moris
1265 2122 1322 2200 est,
1346 2140 1441 2202 quem
1460 2141 1532 2183 cum

293 2226 401 2289 multe
425 2225 605 2308 ostendunt,
628 2225 717 2290 velut
740 2247 822 2309 quae
845 2243 881 2289 lv
900 2225 965 2290 543
989 2227 1141 2313 legimtur
1548 2248 1577 2288 ro

485 2333 514 2396 Τ
511 2338 562 2396 ota
586 2333 696 2397 damin
718 2332 801 2397 laeta
823 2339 875 2411 est,
897 2333 954 2397 boe
975 2340 1020 2398 est
1042 2339 1198 2415 materque
1213 2339 1365 2416 paterque

529 2439 684 2520 Nataque.
707 2445 768 2504 tres
791 2439 842 2503 aa
863 2446 927 2504 tata
947 2441 1036 2522 fuae
1059 2441 1176 2518 donus,

294 2551 368 2610 tum
393 2546 576 2631 exemplum
600 2545 633 2609 in
657 2550 801 2611 extremo
826 2547 931 2631 capite
954 2547 1059 2630 primo
1082 2548 1235 2632 positum,
1258 2547 1342 2612 unde
1361 2547 1454 2611 nobis
1478 2546 1535 2611 ali·
1653 2576 1657 2585 ·

299 2653 379 2736 quid
403 2652 541 2718 subsidii
564 2655 597 2717 in
622 2652 821 2718 defendendo
843 2653 907 2718 hoc
929 2653 1001 2718 loco
1025 2653 1094 2718 fore
1117 2654 1351 2738 praediximus,

483 2761 586 2843 Aufer
610 2761 701 2826 Vesta
724 2762 816 2825 diem.
839 2763 962 2844 capnati
987 2762 1078 2826 Vesta
1100 2767 1219 2843 recepta
1242 2768 1285 2826 ast

529 2868 665 2932 Limine.
687 2869 734 2932 sia
755 2869 832 2932 iusti
854 2869 1036 2933 munitum
1051 2874 1168 2951 patres.

485 2974 626 3040 Phoebus
648 2974 738 3039 babet
753 2981 888 3056 partein,
918 2975 1026 3040 Vestae
1045 2995 1124 3056 pars
1147 2976 1246 3040 attera
1269 2978 1365 3054 assit,

535 3082 624 3163 Quod
645 3087 782 3164 superest
804 3081 878 3161 iliis,
901 3083 1010 3147 tertiru
1032 3084 1099 3163 r'pse
1120 3088 1205 3147 tenet.

484 3186 572 3252 State
595 3188 768 3253 Palatinae
789 3189 900 3254 taurus
916 3195 1139 3270 praetextaque
1161 3211 1272 3270 quercu

517 3294 582 3359 Stet
600 3295 726 3361 amns.-
749 3302 888 3361 aeternas
910 3301 971 3362 tres
993 3296 1081 3361 habet
1103 3318 1170 3361 una
1193 3298 1271 3363 daos.
1550 3315 1579 3357 ro

319 3397 448 3467 modste
474 3406 582 3467 autem
612 3402 715 3467 tribus
743 3403 889 3487 partibus
916 3402 1039 3467 Marcie
1067 3403 1153 3487 quod
1181 3405 1394 3489 praedicatum
1421 3405 1536 3471 faciem

323 3493 513 3574 excusaturus
536 3515 633 3593 poeta
655 3511 689 3574 in
711 3508 798 3574 bunc
821 3510 953 3574 modum
977 3511 1154 3575 arationem
1179 3513 1347 3576 continuat
1374 3532 1429 3577 nee
1454 3514 1538 3595 quod

326 3609 473 3682 mamus
492 3618 640 3699 fumant,
664 3623 697 3681 tu
720 3623 809 3698 turpe
824 3619 954 3698 putaris
978 3621 1046 3701 cet,
1069 3618 1131 3682 hoo
1149 3640 1250 3703 genus
1269 3620 1422 3683 redeundi
1441 3621 1538 3684 inter-

330 3721 413 3796 posito
448 3722 587 3788 disticho
625 3724 791 3807 eliquanto
828 3726 936 3808 aptius
967 3726 1068 3789 inisse
1100 3727 1256 3790 sentimus
1289 3748 1386 3809 quam
1423 3727 1535 3791 eodem

332 3825 424 3892 omisso
447 3830 475 3894 si
497 3829 578 3894 haec
600 3830 665 3895 illis
683 3834 720 3895 in
738 3853 801 3913 pua
813 3852 880 3912 par
895 3834 994 3912 facies
1012 3833 1171 3896 nobilitate
1188 3852 1247 3897 sua
1266 3832 1418 3898 continuo
1438 3831 1538 3896 subii-

334 3938 458 4001 rerunt.
513 3937 661 4022 Denique
694 3939 846 4023 quoniam
880 3939 918 4003 de
951 3940 1196 4006 internoscenda
1229 3937 1344 4004 ovidio
1378 3945 1410 4003 et
1439 3941 1536 4004 inter-

334 4037 448 4112 attare
477 4046 594 4132 agitur,
624 4067 691 4110 non
720 4046 947 4131 negligendum
978 4051 1028 4110 est
1058 4046 1184 4132 insigne
1212 4046 1355 4110 variandi
1384 4046 1536 4130 studium,

336 4133 421 4213 bridio
452 4152 602 4236 inprimis
630 4152 778 4239 dignum,
816 4174 880 4236 quo
911 4155 1015 4234 fornia
1050 4158 1082 4217 et
1111 4155 1221 4233 facies,
1267 4155 1396 4218 anintus
1427 4156 1459 4217 et
1486 4155 1537 4218 in-

335 4252 439 4338 taum,
461 4281 581 4337 nornm,
602 4280 708 4342 pensu,
731 4259 879 4324 nobilitas
902 4262 987 4324 inter
1005 4281 1039 4323 se
1058 4260 1234 4324 miscentur
1253 4264 1286 4323 et
1303 4264 1535 4343 permutantur.

401 4362 424 4427 3.
442 4365 489 4430 De
503 4364 677 4432 Fabiorum
696 4367 829 4431 interitu
849 4388 930 4450 quae
945 4372 1054 4431 narret
1069 4365 1203 4431 Ovidius
1218 4369 1250 4430 in
1265 4366 1405 4431 secundo
1420 4365 1535 4432 Petrus
1550 4383 1580 4424 ³⁰

338 4451 370 4521 ib
386 4466 493 4536 edendo
516 4472 649 4538 curavit

390 4574 442 4641 195
487 4580 577 4644 Haec
596 4581 660 4662 suit
684 4581 740 4644 rita
763 4582 838 4662 dies,
862 4583 981 4663 inqua
1008 4582 1182 4646 t‘aearitas
1204 4584 1305 4647 armis

533 4688 594 4752 Ter
616 4694 735 4752 cestrnn
758 4687 857 4752 Fabii
879 4694 924 4751 ter
946 4689 1079 4751 auctae
1101 4690 1169 4752 diro.

492 4794 564 4860 Una
586 4794 697 4859 Mnus
718 4796 800 4859 atres
822 4801 850 4859 et
872 4815 950 4859 ontis
972 4801 1145 4876 susceperat
1166 4796 1270 4860 urbis:

531 4901 668 4966 Sumunt
689 4901 817 4983 pertitas
839 4923 932 4966 arma
950 4903 1095 4984 professa
1120 4924 1240 4967 triarius.

486 5009 660 5090 Epreditnr
681 5010 793 5073 eastris
816 5008 904 5073 rnites
924 5029 1090 5091 pecorosus
1112 5009 1151 5072 ab
1176 5010 1281 5087 isdem,

389 5110 444 5178 200
532 5117 566 5179 Ε
586 5117 657 5198 puis
679 5117 743 5179 dus
765 5116 836 5197 fieri
858 5115 985 5197 quilibet
1007 5121 1100 5196 aptus
1122 5122 1196 5179 aut.

408 5277 410 5282 ⁴
488 5223 666 5287 Carmentis
684 5228 793 5303 proriae
815 5224 921 5286 &aaa
943 5228 988 5287 est
1009 5224 1062 5286 aia
1079 5226 1230 5303 proritare
1255 5225 1336 5287 iano.

531 5329 587 5394 Ire
603 5350 663 5412 per
684 5329 766 5393 tane
787 5329 861 5408 noli,
885 5330 1027 5411 quisquis
1050 5349 1097 5394 es:
1121 5350 1208 5394 amen
1231 5329 1328 5393 habet.
