3925 6675
412 1137 478 1218 368
670 1157 716 1208 nr.
735 1156 851 1206 mnnx
869 1156 1084 1208 nscnonrnr
1102 1155 1334 1208 snsnrvssun
1354 1157 1431 1210 reoo.

409 1316 534 1403 horret,
562 1322 594 1381 et
621 1341 661 1382 ne
684 1316 767 1381 nihil
789 1317 868 1382 haec
890 1318 1062 1384 coniuncta
1085 1319 1189 1382 valere
1212 1319 1245 1382 in
1270 1317 1461 1381 sententiam
1484 1316 1643 1400 dicantur,

410 1422 474 1488 hoc
506 1425 591 1488 enim
623 1423 684 1488 nisi
716 1424 861 1490 fallimur
888 1429 997 1489 orator
1024 1425 1195 1508 persensit,
1227 1425 1337 1488 hostes
1366 1423 1493 1507 quidem
1523 1423 1643 1498 ἱκανῶς

410 1530 473 1595 οὐκ
493 1529 613 1608 ἐνδεῶς
627 1553 708 1615 quae
723 1533 806 1596 mala
820 1531 962 1617 perpessi
977 1535 1084 1596 essent
1098 1531 1299 1616 ἀμύνασθαι,
1318 1531 1438 1596 amicos
1452 1533 1560 1596 autem
1575 1533 1644 1594 tan-

411 1639 482 1700 tum
506 1637 618 1702 abesse
641 1643 677 1702 ut
701 1640 822 1715 ἱκανῶς
844 1660 926 1723 quae
949 1639 1030 1704 bene
1053 1639 1139 1722 passi
1163 1641 1246 1722 sunt,
1270 1642 1307 1702 at
1330 1639 1375 1716 ὡς
1393 1636 1587 1704 ένδεέστατα
1606 1659 1642 1702 es

411 1743 605 1828 ἀμύνασθαι
622 1744 820 1810 riderentur:
838 1746 872 1810 in
891 1750 1060 1830 utramque
1080 1745 1165 1810 enim
1184 1749 1307 1829 partem
1327 1744 1520 1827 ἀμύνασθαι
1539 1745 1644 1809 valere

411 1854 525 1914 notum
549 1855 605 1916 est.
644 1850 735 1927 Quod
758 1872 835 1917 vero
860 1853 981 1929 ἱκανῶς
1004 1853 1066 1918 οὐκ
1090 1851 1210 1929 ἐνδεῶς
1232 1853 1323 1918 nulle
1344 1851 1469 1917 adiecta
1486 1851 1645 1934 particula

411 1957 577 2041 scribitur,
609 1981 682 2024 cum
709 1963 820 2043 posset
847 1961 968 2036 ἱκανῶς
995 1957 1050 2024 καὶ
1079 1960 1139 2025 οὐκ
1167 1958 1303 2042 ἐνδεῶς,
1335 1959 1369 2024 id
1396 1981 1467 2023 cum
1496 1957 1644 2044 pluribus

413 2063 567 2149 exemplis
591 2087 630 2129 ex
654 2066 725 2130 istis
748 2087 830 2149 quae
854 2087 952 2151 supra
970 2065 1151 2148 attulimus,
1174 2069 1243 2130 tnm
1264 2065 1314 2130 his
1334 2066 1468 2150 quaein
1487 2065 1644 2148 ipsaora-

411 2172 500 2236 tione
532 2171 685 2258 legrmtur
716 2173 762 2259 (p.
789 2172 846 2256 83,
869 2171 927 2259 23)
960 2171 1031 2239 ἀλλ’
1068 2171 1300 2257 actoresque,
1332 2171 1373 2237 οὐ
1404 2169 1643 2256 μιξοβάρβαροι

372 2308 399 2350 ιο
413 2281 570 2364 οἰκοῦμεν
593 2279 829 2364 comprobatur.

501 2509 536 2559 11.
568 2493 708 2578 Hippiae
735 2493 846 2577 verba,
874 2516 893 2558 a
919 2493 1037 2578 quibus
1061 2497 1158 2578 ceput
1180 2511 1192 2557 1
1215 2493 1345 2557 initium
1368 2493 1467 2578 cepit,
1495 2489 1644 2558 Socrates

409 2600 533 2685 excipit
555 2599 605 2664 his
629 2621 711 2684 quae
734 2624 764 2686 p.
783 2601 814 2684 2,
837 2604 852 2666 1
877 2601 1100 2685 insequuntur.

567 2698 630 2789 Ἆρ’
660 2702 723 2772 οὑν
745 2709 829 2792 πρὸς
851 2709 948 2790 Διός,
977 2707 1086 2792 ὥσπερ
1111 2708 1144 2772 αἱ
1168 2707 1265 2772 ἄλλαι
1289 2704 1400 2790 τέχναι
1425 2703 1644 2772 ε’πιδεδοκασι

572 2817 627 2880 καὶ
654 2813 718 2880 εἰσὶ
745 2816 834 2898 παρὰ
857 2817 936 2890 τοὺς
958 2823 1023 2880 νῦν
1046 2815 1272 2899 δημιουργοὺς
1295 2813 1328 2878 ot
1350 2809 1486 2878 artosol
1510 2817 1645 2898 φαῦλοι,

573 2921 660 2986 οὑτω
687 2920 742 2986 καὶ
770 2923 842 3005 τὴν
869 2920 1064 3006 ὑμετέραν
1087 2922 1156 3006 τὴν
1180 2931 1256 2985 τῶν
1279 2929 1482 3004 σοφιστῶν
1504 2917 1646 3004 τέχνην

572 3026 808 3094 ἐπιδεδωκέναι
830 3037 945 3112 φῶμεν
963 3029 1017 3092 καὶ
1037 3023 1122 3093 εἶναι
1142 3037 1209 3092 τῶν
1227 3026 1374 3110 ἀρχαίων
1393 3029 1471 3102 τοὺς
1489 3024 1565 3110 περὶ
1584 3029 1646 3111 τὴν

573 3139 698 3219 σοφίαν
721 3135 872 3218 φαύλους
895 3135 979 3218 πρὸς
1002 3135 1100 3216 ὑμῶςς
1193 3189 1195 3194 .
1288 3221 1292 3228 Ι

410 3241 502 3308 Haec
529 3263 610 3326 quae
637 3243 684 3307 ita
711 3242 831 3327 scripta
857 3241 1015 3307 librorum
1043 3241 1199 3306 memoria
1221 3238 1355 3304 tradidit
1379 3241 1466 3304 varie
1489 3243 1646 3325 temptata

368 3377 399 3420 ao
413 3354 489 3415 sunt
511 3372 530 3413 a
553 3350 655 3415 doctis
678 3348 875 3415 Immanuele
898 3348 1046 3413 Beklrero
1069 3348 1224 3434 principe,
1248 3348 1303 3433 qui
1326 3349 1388 3431 τὴν
1410 3351 1484 3413 ante
1503 3358 1571 3413 τῶν
1589 3346 1644 3413 ab·

411 3457 488 3522 iecit
510 3457 550 3521 ab
574 3478 639 3521 uno
663 3461 695 3520 et
719 3458 819 3521 altero
843 3478 973 3521 suorum
999 3456 1144 3521 codicum
1167 3456 1332 3521 omissum.
1371 3452 1519 3521 ‘Gravius
1538 3452 1647 3521 ulcus'

409 3585 481 3628 esse
508 3567 598 3628 ratus
622 3553 763 3628 Cobetus
787 3562 955 3650 (Mnemos.
974 3584 1005 3627 n.
1025 3586 1049 3628 s.
1068 3580 1093 3627 11
1115 3562 1201 3627 1874
1219 3586 1250 3647 p.
1270 3560 1351 3649 250)
1379 3583 1446 3626 non
1473 3561 1644 3627 articulum

412 3673 539 3735 tantum
567 3670 622 3735 sed
650 3674 804 3754 quattuor
831 3670 896 3734 ista
922 3670 1022 3735 verba
1049 3672 1110 3754 τὴν
1137 3682 1205 3735 τῶν
1228 3678 1400 3753 σοφιστῶν
1422 3666 1542 3753 τέχνην
1564 3690 1644 3733 rese

409 3776 513 3841 canda
538 3778 670 3841 censuit.
708 3776 927 3861 Similiterque
950 3777 1015 3842 iam
1039 3782 1113 3843 ante
1137 3776 1294 3842 (totorum
1318 3774 1464 3841 Naberus
1487 3775 1645 3841 indicarat

409 3882 551 3971 (observ.
571 3885 640 3949 crit.
660 3884 694 3948 in
712 3882 880 3949 Platonem
900 3906 927 3950 a.
948 3884 1034 3949 1862
1053 3908 1083 3969 p.
1106 3882 1162 3970 14)
1185 3904 1251 3949 non
1270 3886 1423 3967 quattuor
1442 3880 1570 3965 quidem
1590 3881 1645 3946 sed

409 3990 517 4056 tribua
548 3994 655 4057 tamen
686 3991 792 4056 verbis
822 3990 955 4057 seclusis
984 3992 1045 4075 τὴν
1072 3990 1235 4075 ὑμετέραν
1262 3990 1338 4075 [τὴν
1365 4000 1432 4054 τῶν
1459 3986 1644 4073 σοφιστῶν]

410 4096 540 4183 τέχνην,
579 4096 677 4163 Hunc
702 4102 830 4163 secutus
858 4096 1034 4161 Schanzius
1062 4118 1128 4161 non
1155 4095 1278 4181 recepit
1305 4096 1367 4161 nisi
1395 4094 1474 4160 hoec
1501 4094 1557 4160 rot
1584 4094 1646 4178 nlo

410 4204 575 4289 ὑμετέραν
596 4204 716 4290 τέχνην
739 4203 984 4287 ἐπιδεδωκέναι,
1008 4224 1141 4287 eamque
1165 4204 1356 4288 scripturam
1378 4222 1481 4287 nuper
1499 4222 1558 4266 sua
1576 4220 1646 4265 sen·

412 4311 515 4376 tentia
537 4310 734 4377 Hartmanus
759 4310 910 4396 probavit
932 4308 977 4397 (p.
998 4308 1065 4397 81).
1102 4308 1206 4375 Nobis
1230 4310 1258 4373 si
1282 4311 1372 4394 optio
1395 4312 1481 4373 esset
1504 4306 1642 4393 eligendi

367 4444 398 4487 ,ιι
412 4422 520 4482 utrum
545 4439 655 4483 eorum
675 4418 844 4482 inventum
863 4418 954 4482 alteri
972 4416 1216 4501 praeferremus,
1239 4415 1326 4481 haud
1344 4418 1568 4480 cunctaremur
1587 4411 1644 4479 Co·

412 4524 487 4588 beto
521 4532 637 4608 ῶῆφον
669 4526 915 4607 προστίθεσθαι
948 4528 981 4588 et
1011 4522 1091 4588 haec
1123 4524 1273 4609 scriptori
1306 4522 1435 4587 reddere
1468 4522 1578 4605 ὥσπερ
1610 4520 1645 4587 ct

412 4632 511 4696 ἄλλαι
533 4629 645 4715 τέχναι
669 4628 925 4711 έπιδεδιὸκασιν,
952 4630 1041 4695 οὑτω
1065 4630 1119 4695 καὶ
1142 4632 1203 4714 τὴν
1226 4628 1387 4714 ὑμετέραν
1409 4628 1644 4695 ἐπιδεδωκέναι

408 4748 538 4821 φῶμεν,
563 4736 682 4821 quibus
705 4738 739 4802 id
762 4760 891 4822 quoque
913 4737 1071 4824 largimur
1094 4738 1239 4821 potuisse
1262 4738 1332 4801 lieri
1355 4736 1471 4801 utillo
1494 4735 1555 4819 τὴν
1578 4742 1645 4800 τῶν

410 4855 585 4928 σοφιστῶν
607 4844 727 4929 τέχνην
748 4844 949 4930 pronominis
972 4844 1154 4928 explicandi
1173 4864 1267 4909 cansa
1287 4842 1551 4909 adscriberentur.
1581 4840 1645 4908 Sed

410 4952 491 5035 quid
524 4952 661 5017 maxime
692 4953 830 5017 moverit
861 4951 1003 5035 criticos,
1036 4955 1073 5015 ut
1106 4956 1228 5034 partem
1257 4950 1353 5015 huius
1380 4948 1536 5014 orationis
1564 4952 1699 5017 tam-12

409 5081 508 5143 quam
542 5058 746 5124 subditioiam
779 5062 1013 5145 expungerent,
1045 5078 1104 5123 nec
1132 5054 1273 5123 Cobetus
1304 5056 1402 5123 verbo
1431 5055 1514 5121 dixit
1540 5074 1645 5139 neque
1808 5036 1809 5119 l

411 5164 618 5231 Hartmanus.
651 5164 743 5231 Unus
763 5164 920 5249 Naberus,
938 5164 1193 5253 argumentando
1212 5163 1335 5248 aliquid
1354 5164 1482 5229 efficere
1501 5166 1645 5247 conatus,
1808 5122 1809 5213 l

409 5274 562 5357 exposuit
594 5284 766 5358 σοφιστῶν
793 5273 870 5337 olim
898 5271 983 5357 apud
1012 5274 1162 5355 antiquos
1190 5270 1363 5335 honestum
1390 5290 1508 5335 nomen
1535 5268 1645 5349 fnisse,

409 5379 497 5464 apud
514 5378 683 5446 Platonem
701 5380 765 5444 nisi
783 5401 857 5445 cum
876 5382 1064 5463 contemptu
1082 5399 1148 5443 non
1167 5378 1324 5461 usurpari.
1355 5376 1460 5455 Quare
1479 5374 1643 5442 Socratem
