3925 6675
752 1157 1019 1209 Damoclem
1037 1157 1186 1208 IDYLLIO
1205 1159 1266 1208 VII.

345 1335 378 1390 12
531 1315 605 1383 οὐδ’
632 1319 697 1402 ἄρα
720 1320 872 1403 Μηδείης
894 1319 1004 1402 θυμὸς
1026 1317 1165 1403 τράπετ’
1187 1319 1268 1384 otilo
1292 1328 1426 1402 νοῆσαι,

531 1424 739 1510 μελπομένης
761 1448 824 1511 περ
848 1425 948 1509 ὅμως·
971 1435 1074 1492 πᾶσαι
1098 1425 1137 1491 δέ
1158 1426 1201 1508 οί,
1224 1424 1330 1508 ἥντιν’
1358 1425 1483 1512 ἀθύροι

529 1531 711 1619 minist),
733 1533 795 1598 οὐκ
818 1531 872 1599 ἐπὶ
896 1533 1002 1616 δηρὸν
1024 1533 1249 1617 ἐφήνδανεν
1273 1530 1469 1616 ἑψιάασθαι,

392 1639 437 1704 eic
465 1640 555 1705 enim
583 1637 772 1723 ἐφήνδανεν
798 1639 875 1706 libri
903 1662 1041 1724 quorum
1068 1639 1148 1705 fides
1176 1643 1225 1704 cst
1252 1661 1312 1704 nec
1338 1639 1421 1705 tanti
1448 1639 1631 1704 faciendum

394 1747 482 1832 quod
506 1747 541 1811 in
563 1747 676 1832 paucis
698 1746 892 1832 ἐφήνδανον
914 1747 1099 1832 exhibetur,
1126 1747 1216 1811 verbi
1239 1747 1343 1811 forma
1365 1768 1431 1812 non
1454 1746 1495 1811 ad
1517 1757 1632 1830 πᾶσαι,

394 1857 480 1937 quod
514 1853 699 1939 oportebat,
731 1854 787 1919 sed
819 1854 858 1919 ad
892 1854 926 1918 id
958 1853 1045 1939 quod
1073 1854 1207 1940 propius
1235 1858 1303 1919 erat
1330 1875 1447 1919 nomen
1474 1853 1631 1939 singulari

394 1981 529 2025 numero
560 1962 679 2044 ἥντινα
705 1964 838 2046 μολπήν
865 1961 1138 2046 accommodatum
1170 1965 1227 2026 aut
1253 1962 1288 2026 in
1315 1961 1426 2026 eodem
1452 1961 1537 2025 libro
1568 1960 1632 2024 190

395 2088 467 2132 cum
490 2065 574 2134 haec
595 2067 749 2155 leguntur

692 2174 711 2239 δ
734 2172 772 2240 δὲ
794 2178 853 2240 καί
873 2173 952 2240 ποτ’
974 2174 1129 2260 άμύμονα
1155 2173 1280 2260 Φρίξον
1303 2171 1418 2240 ἔδεκτο

529 2291 692 2366 μητρυιῆς
715 2283 884 2366 φεύγοντα
907 2283 1010 2347 δόλον
1032 2285 1156 2365 πατρός
1178 2305 1212 2347 τε
1235 2281 1382 2366 θυηλάς,
1645 2307 1672 2348 ιο

530 2388 653 2467 πάντες
675 2387 745 2455 ἐπεὶ
766 2389 874 2475 πάντη
897 2391 953 2454 καί
976 2390 1046 2467 ὅτις
1068 2388 1156 2473 μάλα
1178 2389 1340 2466 κύντατος
1363 2388 1498 2474 ἀνδρῶν

531 2496 670 2569 Ξεινίου
693 2496 865 2562 αἰδεῖται
892 2497 999 2580 Ζηνὸς
1021 2494 1124 2580 θέμιν
1147 2494 1199 2578 ηδ’
1227 2495 1413 2580 ἀλεγίζει,

399 2604 489 2687 quasi
513 2603 639 2668 nullum
662 2607 746 2669 esset
768 2602 889 2681 πάντες
908 2603 1066 2668 enuntiati
1083 2603 1210 2668 relativi
1228 2603 1366 2669 formam
1386 2603 1472 2688 quod
1491 2602 1631 2668 medium

400 2714 447 2774 eet
468 2710 539 2787 ὅτις
556 2710 719 2788 κύντατος
736 2709 873 2794 ἀνδρῶν
891 2713 1072 2794 sequuntur
1090 2710 1188 2774 verba
1207 2710 1357 2793 αἰδεῖται,
1376 2710 1527 2793 ἀλεγίζει,
1551 2732 1632 2794 quae

401 2837 464 2881 non
493 2821 561 2882 tam
593 2815 689 2881 facile
720 2815 879 2900 pluralem
911 2838 1080 2881 numerum
1113 2838 1211 2900 quam
1245 2815 1434 2901 ἐφήνδανεν
1463 2817 1631 2901 recipiunt.

403 2920 463 2987 Sed
484 2945 522 2988 ea
542 2921 719 2988 Merkeliue
742 2925 789 2988 ait
807 2923 933 2988 diversa
955 2944 1025 2988 esse
1047 2923 1088 2988 ab
1112 2945 1150 2987 eo
1173 2923 1256 3005 loco,
1280 2924 1319 2988 de
1342 2944 1407 3007 quo
1430 2924 1570 3009 agimus3
1599 2927 1632 2987 et

407 3035 476 3094 eunt
497 3030 625 3114 quidem
651 3030 784 3113 diversa,
808 3030 863 3095 sed
886 3035 924 3094 ut
947 3031 1078 3096 eandem
1103 3051 1176 3095 cum
1195 3029 1253 3095 illo
1272 3029 1535 3096 consuetudinem
1555 3051 1632 3113 prae

409 3157 439 3199 ee
458 3137 568 3222 ferant,
592 3157 657 3222 qua
674 3135 787 3202 Graeci
810 3160 830 3202 a
852 3138 1010 3202 severiore
1034 3137 1193 3202 enuntiati
1215 3141 1376 3202 structura
1395 3135 1561 3221 paululum
1581 3137 1631 3200 de-

412 3241 561 3309 flectentes
584 3243 756 3309 verborum
779 3243 900 3309 formas
923 3265 997 3309 cum
1021 3245 1060 3308 iis
1085 3266 1166 3328 quae
1184 3245 1333 3329 proxima
1350 3247 1426 3309 sunt
1444 3243 1631 3308 coniunctas

415 3370 472 3414 esee
493 3352 615 3417 volunt.
652 3350 723 3429 Quo
747 3352 851 3439 magis
874 3350 1027 3417 credibile
1050 3356 1099 3417 est
1121 3356 1250 3436 poetam
1274 3352 1371 3417 etiam
1395 3352 1429 3415 in
1452 3350 1509 3415 illo
1533 3351 1632 3416 simili
1645 3377 1673 3419 eo

417 3458 511 3539 μίμνει
531 3458 665 3524 verbnm
688 3479 762 3523 cum
784 3458 899 3523 vicinis
922 3458 1119 3543 conciliasse,
1143 3480 1339 3543 quamquam
1362 3459 1509 3543 superior
1528 3460 1630 3525 oratio

343 3631 344 3640 ¹
419 3562 723 3652 abrumperem
761 3564 863 3642 Quem
887 3587 1010 3631 morem
1034 3564 1243 3648 Graecorum,
1266 3571 1303 3631 ut
1325 3566 1388 3631 hoc
1410 3588 1512 3653 genus
1537 3588 1631 3631 omne

343 3657 344 3674 ¹
422 3669 642 3757 amplectamur,
669 3672 721 3737 vel
749 3673 782 3737 in
809 3673 849 3737 iis
873 3694 1028 3759 agnoscas
1052 3696 1134 3758 quae
1158 3678 1234 3738 eunt
1257 3674 1342 3757 apud
1365 3671 1573 3738 Aristotelem
1598 3674 1631 3737 in

424 3778 476 3839 nu
497 3781 620 3863 poetica
642 3802 668 3847 c.
690 3780 732 3844 14
749 3802 781 3864 p.
802 3778 915 3844 1453b
930 3780 971 3843 27
1001 3777 1071 3845 ἔστι
1098 3780 1160 3864 μὲν
1187 3781 1250 3864 γάρ
1279 3780 1366 3844 οὕτω
1390 3782 1547 3863 γίνεσθαι
1570 3781 1631 3863 τὴν

424 3881 530 3968 πρᾶξιν,
551 3886 662 3971 ὥσπερ
682 3887 715 3952 ol
733 3884 869 3952 παλαιοί
888 3885 1028 3952 ἐτοίονν
1046 3888 1175 3964 είδότας
1192 3884 1248 3951 καὶ
1267 3887 1524 3970 γιγνώσκοντας,
1549 3909 1631 3970 quae

426 3986 485 4054 olim
507 4015 603 4077 prava
629 3994 888 4078 interpunctione
916 3993 1087 4059 obscurata
1114 3992 1155 4058 ad
1182 4015 1273 4057 suam
1301 3994 1458 4058 rationem
1481 4015 1630 4058 revocare

427 4089 606 4186 Platonisque
625 4100 773 4186 exemplo
792 4100 936 4165 stabilire
955 4099 1150 4185 studuimus;
1170 4101 1288 4165 etenim
1307 4099 1390 4164 nihil
1410 4123 1524 4166 curans
1543 4123 1633 4185 prae

432 4201 613 4218 Q*

494 4256 534 4328 ἐ)
551 4258 749 4314 Memorabilia
766 4258 838 4313 haec
857 4260 923 4312 sunt
941 4258 995 4313 hoc
1013 4273 1125 4328 quoque
1144 4258 1269 4323 nomine,
1292 4256 1368 4325 quod
1388 4273 1405 4310 a
1423 4266 1512 4312 πᾶσαι
1530 4274 1630 4313 nomen

430 4338 555 4401 'timebam
573 4348 604 4403 in
622 4347 681 4403 alia
699 4347 834 4402 orationis
852 4350 934 4418 parte
952 4347 1077 4417 positum
1096 4349 1146 4402 est.
1180 4346 1259 4413 Quod
1275 4364 1363 4417 genus
1377 4347 1503 4418 tragicus
1517 4347 1632 4418 ignotus

431 4425 463 4492 (b.
474 4436 514 4487 ³92
526 4435 631 4492 Nauck
646 4436 691 4494 ed.
705 4440 738 4506 u)
756 4435 829 4491 dixit

643 4523 798 4597 Ἀργεῐοςῆ
820 4528 957 4598 Θηβαῖος·
978 4527 1013 4581 οὐ
1032 4525 1086 4597 γάρ
1105 4526 1221 4596 εὔχομαι

646 4622 737 4685 μιᾶς·
756 4614 833 4677 derue
851 4635 898 4686 μοι
916 4615 1023 4685 πύργος
1037 4613 1179 4683 Ἑλλήνων
1197 4612 1334 4682 euroin

435 4707 472 4747 εκ
485 4698 593 4773 disparia
611 4707 679 4761 eunt
696 4703 767 4759 haec
785 4703 926 4775 hopercii
944 4723 966 4758 11
980 4709 1028 4771 aa,
1043 4710 1077 4758 aa

645 4810 713 4848 αοιιι
730 4810 791 4848 mea
808 4810 870 4849 cum
888 4794 999 4861 recitat,
1018 4794 1085 4849 dicit
1103 4809 1130 4848 ee
1148 4792 1236 4849 odisee
1255 4795 1358 4849 beatem

464 4964 489 5015 u
682 4885 810 4938 carmina
828 4890 884 4938 tom
902 4890 996 4939 sancte
1013 4883 1093 4938 uallo
1109 4882 1205 4952 praelio
1223 4883 1302 4948 colit;

438 4973 454 5007 ¹¹
493 4972 536 5030 ,u

646 5050 678 5099 ta
696 5060 756 5098 mco
774 5050 959 5115 componeret
977 5043 1051 5100 dices
1071 5044 1157 5111 ἀνα,
1176 5045 1317 5112 Properti,

681 5132 747 5188 boec
764 5138 814 5188 ίαο
831 5139 905 5188 eunt

442 5208 507 5280 ”hl
521 5221 602 5276 eutem
619 5238 732 5290 nomen,
751 5237 769 5277 a
786 5229 876 5277 uacui
894 5224 1066 5292 separatum,
1085 5221 1161 5290 quod
1181 5220 1266 5276 acad
1285 5220 1395 5276 relativi
1415 5219 1555 5276 enuntiati
1576 5218 1631 5273 for·

443 5305 653 5380 mutiplicavit,
667 5328 702 5368 ex
715 5328 749 5367 eo
763 5326 865 5383 genere
879 5314 932 5379 eet,
946 5311 982 5365 de
996 5327 1052 5381 quo
1067 5328 1152 5382 supra
1166 5311 1286 5365 dicimus
1300 5310 1330 5364 in
1344 5309 1487 5380 prooemio
1501 5307 1630 5363 Enniano

445 5392 465 5443 l·
478 5389 513 5456 4⁴·
529 5399 646 5471 exempla
669 5398 860 5455 Callimacbea
882 5399 912 5455 in
933 5397 1107 5456 Callimacho
1131 5417 1181 5455 suo
1200 5399 1358 5455 Meinelriue
1383 5397 1500 5468 collegit
1522 5415 1548 5466 p.
1570 5402 1629 5461 llo.
