3925 6675
568 1143 618 1194 DE
637 1143 813 1194 VERSIBUS
832 1143 1042 1195 NONNULLIS
1061 1142 1159 1195 Accu
1177 1143 1332 1195 TRAGICI.
1502 1141 1570 1206 463

978 1306 1088 1369 timide
1110 1305 1254 1370 elim-inor

473 1410 620 1477 Oldmore
641 1411 738 1476 minat
760 1417 869 1493 atque
890 1417 964 1476 nota
987 1432 1046 1476 ccx
1068 1413 1114 1476 ad
1134 1432 1227 1478 ceree
1249 1414 1375 1492 accidit,

334 1517 453 1583 additis
466 1518 591 1584 voculis
605 1518 677 1583 istis
691 1516 875 1603 probabiles
889 1540 1000 1583 versus
1015 1518 1141 1583 efficere
1156 1519 1356 1602 studuerunt,
1370 1520 1570 1586 Ribbeckius

278 1636 318 1692 15
994 1626 1109 1690 timida
1131 1626 1288 1705 dereiner,

469 1712 657 1798 dolamore
677 1732 773 1798 sictut
795 1752 833 1796 oe
854 1738 928 1796 noto
950 1733 1010 1796 oo'x
1033 1733 1077 1797 cd
1099 1753 1191 1798 aceres
1214 1733 1328 1799 detdic

333 1843 365 1904 et
389 1861 462 1904 cum
486 1838 606 1904 Bothio
630 1838 805 1904 Muellerus

991 1948 1101 2011 timide
1123 1941 1280 2025 elideiaor,

469 2053 549 2117 caim
572 2053 706 2119 clarem
726 2053 822 2119 simrd
844 2074 883 2118 cc
904 2059 978 2119 noto
1000 2053 1060 2118 oric
1082 2054 1127 2118 cd
1149 2074 1240 2118 cures
1263 2052 1385 2118 decidit.

334 2157 397 2224 Sed
420 2163 529 2225 tamen
552 2161 603 2225 vel
625 2159 677 2224 his
702 2161 890 2225 commentis
914 2182 1010 2245 quam
1034 2160 1130 2224 fidem
1154 2159 1282 2245 habete,
1306 2183 1386 2244 quae
1410 2183 1476 2225 uon
1499 2183 1570 2226 een·

333 2268 455 2332 tentiae
484 2267 674 2331 necessitate
706 2267 761 2331 sed
793 2290 881 2333 mera
913 2289 1062 2332 versuum
1095 2267 1313 2332 faciendorum
1342 2268 1568 2333 commoditate
1583 2292 1611 2332 ro

333 2375 494 2439 nituntur.

424 2480 565 2545 Rursum
597 2502 681 2545 unus
713 2485 799 2547 recte
831 2481 987 2546 iudicavit
1015 2480 1231 2545 Buechelerus
1265 2482 1316 2547 oui
1349 2483 1463 2547 mirere
1491 2481 1569 2546 Rib-

333 2589 485 2654 beckium
504 2609 545 2652 ne
563 2589 618 2653 hic
636 2589 765 2672 quidem
784 2588 1003 2673 astipulatum.
1035 2588 1068 2653 ls
1087 2591 1173 2654 enim
1193 2590 1309 2673 spretis
1328 2589 1476 2653 futilibus
1496 2612 1570 2653 con·

333 2697 466 2762 lecturis
489 2696 544 2760 sed
567 2695 712 2760 adhibita
734 2697 932 2762 dimensione
955 2695 1128 2778 trochaica,
1152 2719 1232 2781 quae
1256 2718 1290 2760 se
1313 2718 1413 2779 paene
1437 2697 1570 2760 auribus

332 2802 476 2868 inculcat
498 2824 564 2867 non
587 2801 702 2884 surdis,
725 2803 812 2867 hunc
833 2802 1034 2887 probabilem
1058 2804 1258 2868 octonarium
1282 2804 1453 2887 proposuit

470 2909 603 2974 Timida
624 2909 771 2974 elimino‘r
793 2909 927 2975 clamore
948 2911 1044 2976 simut
1067 2931 1104 2975 ac
1126 2917 1200 2975 nota
1222 2909 1281 2974 oda
1304 2910 1349 2973 cd
1370 2930 1462 2974 acres

366 3003 372 3014 ‘
469 2994 603 3083 dmm.

334 3122 399 3188 Sed
422 3124 519 3188 simul
542 3123 678 3189 recurrit
696 3145 733 3187 ea
752 3145 847 3207 quam
866 3124 962 3188 modo
981 3125 1015 3188 in
1035 3123 1270 3208 Alphesiboeae
1289 3145 1382 3187 versu
1402 3124 1568 3210 tetigimus

333 3231 566 3314 quaestionem,
584 3235 693 3295 utrum
712 3234 862 3315 praestet,
881 3235 1104 3295 tetrametrum
1119 3235 1257 3295 statuere
1273 3229 1478 3314 superaddita
1491 3251 1569 3294 voce

332 3360 376 3403 an
399 3339 509 3404 omnia
531 3338 566 3403 in
587 3360 688 3402 unum
710 3343 945 3421 pentametrum
969 3338 1172 3403 oouoludere:
1583 3363 1612 3402 ao

470 3446 602 3511 Timidc
624 3445 770 3510 etimindr
788 3445 920 3510 donem
936 3446 1032 3511 mmcd
1051 3466 1089 3510 cc
1105 3452 1180 3512 nota
1198 3446 1257 3511 oric
1275 3447 1320 3510 ad
1337 3466 1429 3511 cures
1447 3445 1569 3510 decidit.

331 3551 385 3617 Ao
406 3552 501 3617 nobis
523 3551 599 3635 hoc,
625 3551 702 3617 lieet
723 3552 804 3617 illud
827 3553 961 3617 refutari
985 3553 1137 3617 nimirum
1161 3576 1226 3618 uon
1249 3552 1367 3637 possit,
1395 3575 1432 3617 eo
1455 3552 1571 3637 proba·

331 3658 435 3724 bilius
457 3659 562 3724 visum
585 3663 643 3742 est,
665 3660 741 3743 quia
764 3660 903 3724 huicne
926 3660 1046 3724 hiantis
1070 3660 1198 3744 quidem
1223 3661 1378 3725 orationis
1398 3660 1570 3725 offensiun-

331 3765 442 3832 culam
472 3766 627 3831 obsistere
653 3771 796 3851 apparet.
834 3764 897 3830 Sed
925 3773 1033 3831 tamen
1060 3768 1109 3831 illi
1137 3789 1265 3851 quoque
1288 3768 1395 3832 versui
1418 3772 1569 3852 putamus

331 3895 378 3938 ex
398 3872 462 3937 hoc
483 3872 633 3939 nonnihil
655 3872 842 3938 adminiculi
865 3874 1026 3956 accedere,
1055 3896 1119 3958 quo
1142 3875 1269 3939 facilius
1293 3873 1384 3938 hiatu
1407 3895 1472 3938 nou
1498 3896 1571 3957 pro

329 3979 469 4045 bibente
490 4001 551 4065 pro
574 4002 650 4046 vero
673 3984 873 4064 pentametro
892 3980 1056 4045 habeatur.
1091 3979 1209 4045 Verum
1230 3981 1268 4046 de
1287 4003 1376 4044 aare
1395 3985 1468 4044 utut
1488 3980 1569 4044 iudi·

331 4086 471 4169 cabitur,
493 4086 588 4152 nobis
612 4088 690 4151 satis
714 4087 757 4151 sit
780 4088 807 4151 si
828 4087 891 4154 hoc
909 4089 1047 4152 assecuti
1066 4109 1175 4152 sumus
1195 4092 1230 4151 ut
1249 4087 1448 4172 intelligatur
1466 4091 1567 4150 artem

331 4194 482 4260 criticam
497 4194 532 4258 in
545 4193 691 4278 reliquiis
705 4198 848 4259 veterum
862 4199 1029 4279 poetarum
1041 4194 1258 4259 Romanorum
1274 4216 1419 4257 exercere
1433 4214 1569 4277 magnae

331 4322 406 4366 rem
433 4301 590 4366 cautionis
617 4322 699 4384 esse,
726 4322 766 4365 ne
795 4323 866 4366 cum
894 4301 1015 4385 probos
1042 4323 1152 4366 versus
1180 4301 1284 4366 facere
1309 4300 1475 4385 cupiamus
1500 4320 1568 4363 sen-

329 4407 454 4473 tentius
482 4411 515 4470 et
542 4407 697 4472 orationis
724 4407 845 4472 formas
872 4413 983 4474 nostra
1011 4410 1106 4491 culpa
1133 4408 1348 4473 deformemus
1372 4411 1404 4471 et
1427 4428 1568 4472 corrum-
1583 4430 1612 4470 eo

329 4536 459 4601 panus.
497 4512 564 4579 Sor.
583 4537 623 4580 m.
642 4513 729 4579 Maio
749 4538 775 4579 a.
795 4531 969 4579 unccccu.
