3925 6675
388 1107 454 1171 406
622 1110 695 1160 LIII.
715 1109 830 1159 INDEX
848 1108 1062 1159 LEO'I'IONUM
1080 1107 1312 1159 assumunt
1332 1109 1409 1160 1901.

387 1274 420 1333 et
448 1273 642 1334 structuram
669 1269 812 1353 impedit.
850 1268 934 1346 Quid
961 1290 1039 1355 ergo
1068 1269 1138 1332 est?
1174 1267 1247 1333 Nisi
1273 1269 1432 1354 corrigere
1456 1269 1619 1332 auctorem

387 1376 544 1461 epistulae
572 1375 733 1459 volumus,
761 1379 932 1459 utrumque
960 1375 1095 1439 verbum
1122 1375 1325 1440 retinendum
1352 1377 1402 1438 eet
1430 1378 1462 1439 et
1487 1374 1535 1440 sic
1557 1377 1620 1438 sta-

386 1484 556 1567 tuendum,
583 1484 788 1567 scriptorem,
815 1486 852 1546 ut
878 1483 930 1564 fit,
957 1482 1178 1548 immemorem
1207 1483 1275 1546 eius
1304 1481 1390 1566 quod
1418 1482 1482 1546 iam
1510 1482 1620 1566 posuit

387 1591 543 1654 invitante
572 1590 716 1655 oratione
744 1611 802 1655 suo
829 1588 901 1655 loco
929 1611 996 1653 non
1023 1588 1108 1654 idem
1135 1589 1252 1654 iterum
1279 1589 1336 1654 sed
1359 1587 1463 1654 simile
1485 1587 1619 1653 verbum

386 1694 580 1782 posuisse*).

475 1802 552 1868 Non
582 1804 770 1890 ignoramus
802 1803 865 1868 boc
894 1824 1011 1890 genus,
1042 1803 1135 1868 cuiue
1164 1824 1224 1869 nos
1252 1825 1317 1867 uno
1345 1803 1492 1886 exemplo
1520 1805 1552 1866 et
1578 1823 1620 1866 ne

387 1909 537 1974 Tulliano
570 1909 698 1993 quidem
730 1910 873 1974 defuncti
905 1931 1029 1992 sumus,
1061 1910 1147 1993 apud
1175 1909 1280 1994 ipsum
1310 1908 1494 1974 Ciceronem
1522 1908 1620 1973 latius

387 2021 509 2100 patere,
537 2017 593 2080 sed
620 2016 716 2080 nobis
745 2017 822 2081 satis
850 2016 893 2080 sit
920 2016 1017 2081 verbo
1044 2015 1243 2102 significasse
1265 2019 1505 2101 argumentum,
1533 2013 1621 2099 quod

387 2122 576 2208 ampliorem
595 2122 835 2210 indagationem
853 2123 1008 2208 requirat3
1033 2145 1129 2207 quam
1148 2145 1278 2207 operam
1297 2122 1369 2187 aliis
1389 2127 1421 2187 et
1439 2119 1620 2188 iunioribus

347 2263 374 2302 ιο
387 2229 592 2315 potissimum
615 2230 801 2294 sumendam
824 2229 1044 2314 relinquimus.

475 2336 545 2402 Nos
568 2336 707 2401 redimus
731 2337 818 2419 illuc,
842 2342 875 2402 et
898 2337 1050 2421 quoniam
1075 2335 1238 2402 Ciceronis
1262 2359 1353 2400 usum
1379 2335 1620 2418 declaravimus,

387 2444 427 2508 ab
461 2443 571 2508 eodem
604 2442 728 2507 dicendi
761 2443 857 2508 modo
887 2466 928 2508 ne
956 2441 1093 2510 Graecos
1122 2444 1250 2528 quidem
1278 2442 1482 2508 abhorruisse
1509 2443 1621 2526 paucis

387 2549 542 2633 exemplis
566 2550 703 2614 oratoris
723 2547 826 2615 Attici
848 2550 986 2634 probare
1009 2551 1167 2633 volumus,
1190 2549 1314 2634 Lysiae.
1352 2547 1415 2626 Qui
1438 2550 1485 2614 ita
1507 2549 1621 2614 scribit

520 2656 586 2735 4‚8
610 2657 631 2740 ἡ
654 2657 691 2722 δὲ
716 2653 787 2722 τοτὲ
805 2653 867 2738 μὲν
885 2654 940 2739 ἐμὲ
958 2655 1047 2742 περὶ
1067 2661 1231 2740 πολλοῦ,
1248 2653 1322 2722 τοτὲ
1341 2653 1377 2721 δὲ
1396 2657 1518 2721 τοῦτόν
1537 2672 1621 2741 φησι

602 2770 808 2829 ποιεῖσθαι

521 2872 551 2954 6,
571 2871 614 2935 25
637 2872 691 2935 καλ
714 2872 843 2936 τούτων
865 2873 987 2954 πότερα
1011 2873 1089 2948 τοὺς
1111 2873 1215 2948 θεοὺς
1238 2871 1310 2954 χρὴ
1335 2868 1354 2953 ἢ
1377 2871 1414 2934 τὸ
1434 2870 1622 2952 αὐτόματον

601 2980 810 3043 αἰτιᾶσθαι

524 3084 574 3168 12,
595 3086 611 3148 1
638 3085 721 3150 ὥστε
739 3083 811 3168 μήτ’
837 3084 880 3150 ἂν
898 3085 1109 3168 ψευδόμενον
1128 3086 1299 3170 δεινότερα
1317 3094 1384 3148 τῶν
1402 3084 1622 3170 ὑπαρχόντων

601 3201 868 3275 κατηγορῆσαι
891 3194 970 3275 μήτε
992 3190 1120 3275 τάληθῆ
1140 3193 1348 3272 βουλόμενον
1366 3191 1472 3256 εἰπεῖν
1491 3191 1621 3256 ἅπαντα

603 3299 804 3364 δύνασθαι

522 3404 603 3470 Ibid.
622 3404 666 3469 64
693 3407 803 3489 ὥσπερ
829 3411 964 3471 πολλῶν
988 3406 1127 3489 ἀγαθῶν
1150 3406 1281 3470 αἰτίου
1305 3402 1376 3470 ἀλλ’
1404 3404 1444 3470 οὐ
1467 3404 1622 3487 μεγάλων

601 3523 712 3577 κακῶν
734 3513 986 3597 γεγενημένου

522 3619 574 3701 34,
593 3618 614 3683 5
638 3616 717 3683 οὐδὲ
741 3623 820 3697 τοὺς
843 3622 963 3702 λόγους
985 3618 1247 3703 πιστοτέρους
1270 3630 1338 3683 τῶν
1356 3620 1464 3701 ἔργων
1482 3612 1561 3683 οὐδὲ
1580 3619 1620 3683 τὰ

601 3724 763 3807 μέλλοντα
785 3738 854 3791 τῶν
876 3726 1106 3811 γεγενημένων
1129 3736 1311 3811 νομιεῖτε.

388 3831 512 3908 Quibus
535 3854 635 3896 unum
659 3832 804 3898 addimus
827 3832 1074 3917 Thucydidium,
1097 3832 1184 3917 quod
1207 3832 1331 3915 reta
1354 3830 1474 3917 legitur

603 3938 825 4024 ἐπετήδευσαν
856 3940 1027 4026 ξύμμαχόν
1058 3964 1093 4005 τε
1121 3938 1244 4005 οὐδένα
1271 3941 1510 4023 βουλόμενοι
1538 3938 1621 4021 πρὸς

602 4046 805 4132 τάδικήματα
832 4044 912 4113 οὐδὲ
939 4046 1091 4132 μάρτυρα
1118 4044 1224 4131 ἔχειν
1252 4046 1329 4113 οὔτε
1351 4050 1621 4130 παρακαλοῦντες

602 4156 831 4239 αἰσχύνεσθαι.

477 4260 619 4325 Tandem
647 4282 665 4325 e
692 4260 896 4326 deverticulis
929 4262 1120 4325 revertimur
1152 4260 1191 4324 ad
1220 4260 1317 4324 verba
1344 4258 1449 4341 Accii,
1482 4278 1620 4343 quorum

348 4418 374 4458 ,⁰
389 4370 512 4451 partem
535 4368 674 4451 priorem
699 4388 844 4431 seorsum
867 4391 886 4431 a
909 4366 1055 4451 reliquis,
1081 4387 1145 4450 quo
1169 4367 1272 4453 magis
1296 4366 1509 4431 conformatio
1533 4368 1620 4449 pets-

388 4474 487 4555 fieret,
510 4473 670 4537 declarare
693 4473 884 4557 studuimus,
907 4474 962 4538 sed
986 4496 1023 4539 ea
1044 4496 1116 4537 cum
1136 4472 1176 4537 iis
1195 4495 1276 4557 quae
1294 4476 1419 4537 restant
1436 4494 1532 4537 unam
1552 4494 1620 4538 ora·

388 4582 509 4645 tionem
538 4580 684 4645 efficiunt
710 4585 743 4645 et
769 4579 832 4645 hoc
858 4584 964 4645 totum
992 4602 1056 4645 una
1084 4580 1282 4664 expendatur
1304 4601 1431 4645 necesse
1455 4582 1516 4645 est:
1543 4598 1619 4645 acm

388 4707 443 4752 acc
467 4686 597 4753 Geraiai
623 4686 745 4752 latonas
768 4707 824 4751 occ
847 4686 1036 4752 Condalium
1059 4708 1115 4753 aec
1137 4688 1229 4753 Anas
1253 4686 1364 4752 Plauti
1386 4707 1441 4753 nec
1463 4686 1524 4751 Bis
1541 4706 1621 4753 com·

382 4813 496 4877 pressa
521 4814 577 4858 aec
598 4794 728 4859 Boeotio
755 4816 905 4876 ανιοαοιο
929 4796 994 4876 soit
1017 4815 1113 4876 aeque
1135 4795 1211 4859 odeo
1234 4794 1390 4877 Agroecus
1412 4814 1507 4877 aeque
1532 4792 1621 4859 Com·

389 4901 552 4965 morientes
575 4901 683 4965 Macci
707 4902 782 4965 Tiri.
819 4899 913 4966 Unde
939 4902 1079 4985 primum
1109 4902 1242 4985 apparet
1267 4899 1364 4965 verba
1387 4922 1536 4983 αγιονμου
1557 4900 1622 4982 suit

389 5030 429 5071 ex
448 5008 613 5091 superiore
630 5012 722 5091 parte
740 5008 853 5072 referri
871 5008 968 5072 stiam
987 5007 1027 5071 ad
1045 5006 1124 5071 haec
1140 5010 1314 5091 postrema:
1333 5028 1388 5073 neo
1401 5008 1495 5073 Anca
1509 5006 1622 5073 Plauti

388 5135 443 5179 occ
465 5114 594 5179 Boeotio
615 5136 765 5197 amquam
786 5116 851 5196 fait
872 5135 968 5197 neque
987 5114 1226 5180 Gornmorr'cates
1244 5114 1352 5179 Macci
1371 5115 1438 5179 Titi
1458 5111 1619 5201 (ammaum

478 5273 524 5342 *6)
544 5273 661 5344 [credere
679 5274 802 5345 eos[qua]
826 5274 875 5343 pai
894 5272 1090 5342 Sternkoptius
1109 5271 1138 5325 in
1158 5270 1251 5325 Herm.
1267 5272 1508 5341 nrv11(1902)p.
1524 5276 1617 5337 485⁸,

358 5392 374 5420 ο
390 5380 446 5432 qua
464 5362 523 5417 lani
542 5362 651 5418 scilicet
669 5362 841 5419 correctione
860 5378 956 5416 versor
973 5378 1009 5415 ne
1028 5360 1169 5415 sententia
1189 5362 1404 5432 corrumpatur]
