3925 6675
395 1107 461 1172 392
598 1109 657 1160 nn.
676 1109 791 1159 muns
809 1107 1024 1160 nscnonuu
1042 1107 1282 1160 manuninum
1302 1105 1468 1176 1900s1eo1.
1806 1059 1807 1138 l

398 1282 541 1356 γραφῶν
558 1272 699 1336 τούτων·
719 1271 756 1335 τὸ
776 1270 813 1335 δὲ
833 1279 893 1335 τοῦ
907 1268 1146 1352 Μενεστράτου
1165 1279 1299 1353 πρᾶγμα
1317 1277 1473 1333 τοιοῦτον
1492 1267 1630 1351 ἐγένετο.

399 1377 416 1442 δ
438 1376 717 1461 Μενέστρατος
740 1371 838 1454 οὗτος
862 1376 1037 1461 ἀπεγράφη
1056 1382 1123 1460 κτλ,
1147 1398 1228 1460 quae
1247 1379 1296 1440 est
1314 1374 1516 1440 inimitabilis
1535 1375 1631 1440 huius

398 1484 534 1548 oratoris
559 1483 711 1568 ἀφέλεια,
734 1505 793 1549 nee
815 1484 953 1548 multum
977 1482 1145 1547 dissimilia
1169 1485 1245 1547 sunt
1269 1505 1349 1567 quae
1372 1483 1406 1546 in
1430 1482 1540 1547 eadem
1564 1504 1635 1546 ora-

397 1592 487 1655 tione
513 1592 554 1654 19
578 1595 611 1655 et
635 1591 674 1654 71
700 1592 860 1677 leguntur.

488 1696 576 1762 Satis
600 1698 834 1762 demonstrasse
855 1697 949 1763 nobis
967 1696 1122 1778 videmur,
1146 1718 1249 1781 neque
1268 1695 1447 1760 cumulatos
1466 1697 1634 1783 genetivos

400 1826 505 1888 neque
537 1827 614 1869 vero
647 1805 798 1869 iteratum
831 1826 949 1870 nomen
981 1804 1092 1868 obesse
1121 1804 1292 1887 quominus
1321 1801 1486 1868 emendate
1514 1805 1636 1888 scripta

398 1911 578 1976 habeantur
601 1932 684 1995 quae
712 1895 840 1976 exstant
862 1910 896 1975 in
919 1911 1011 1975 libris
1035 1921 1103 1974 τῶν
1126 1911 1189 1995 γὰρ
1212 1909 1383 1994 προτέρων
1405 1907 1481 1994 περὶ
1499 1907 1635 1986 Ἀναξα-

401 2020 506 2103 φόρου
531 2017 659 2102 λέγεται
683 2019 790 2102 ιτολλὴ
809 2017 937 2099 ἀμαθία
955 2019 1037 2082 κατά
1056 2018 1115 2082 τὸν
1135 2018 1196 2082 σὸν
1216 2019 1329 2100 λόγον·
1353 2016 1551 2082 τούναντίον
1571 2017 1636 2102 γὰρ

407 2123 608 2212 Ἀναξαγόρᾳ
626 2123 731 2210 φασὶν
750 2127 917 2210 συμβῆναι
936 2124 957 2208 ἦ
975 2125 1064 2209 ὑμῖν.
1098 2123 1187 2200 Quae
1205 2123 1233 2186 si
1251 2145 1361 2188 verum
1377 2123 1469 2188 fateri
1485 2125 1636 2188 volumus

359 2231 481 2298 uedeo
510 2232 706 2320 integritatis
733 2236 811 2296 note
838 2231 978 2317 insignia
1006 2235 1095 2314 sunt,
1123 2235 1159 2295 ut
1187 2251 1269 2314 quae
1296 2252 1368 2318 nos,
1382 2230 1579 2316 argumentis
1601 2233 1636 2295 et

402 2338 559 2423 exemplis
587 2338 693 2403 allatis
722 2338 865 2403 stabilire
894 2337 1090 2422 studuimus,
1118 2339 1186 2402 sine
1213 2335 1368 2422 exemplis
1396 2343 1428 2402 et
1451 2336 1520 2401 sine
1543 2359 1637 2424 argu-

402 2446 519 2510 mentis
542 2445 619 2510 ullis
642 2466 719 2510 vera
741 2449 774 2510 et
796 2446 922 2531 integra
944 2445 1122 2510 existimari
1145 2444 1320 2509 debuerint.

491 2551 636 2616 Alteram
666 2553 886 2636 quaestionem
912 2553 1051 2635 petimus
1080 2574 1118 2617 ex
1143 2551 1255 2616 iisdem
1279 2551 1384 2616 verbis
1407 2549 1548 2636 Hippiae
1570 2573 1637 2615 ma·

402 2659 480 2723 ioris
513 2679 595 2742 quae
626 2657 703 2724 huic
731 2659 829 2743 capiti
857 2659 1129 2743 praesumpsimus.
1172 2657 1314 2735 Quorum
1343 2659 1448 2742 prima
1475 2658 1636 2722 sententia

400 2765 480 2830 baec
503 2771 552 2829 est

561 2875 664 2938 καλόν
687 2896 735 2956 γε,
758 2869 917 2950 ὧἹτιιιία,
941 2871 1047 2955 λέγεις
1070 2871 1124 2937 καὶ
1142 2871 1225 2956 μέγα
1244 2875 1421 2957 τεκμήριον
1439 2873 1560 2956 σοφίας
1577 2880 1637 2954 τῆς

562 3003 596 3044 τε
624 2988 767 3045 σεαυτοῦ
794 2980 848 3043 καί
877 2989 945 3044 τῶν
967 2987 1032 3044 νῦν
1055 2979 1248 3065 ἀνθρώπων
1271 2981 1353 3064 πρὸς
1375 2981 1454 3055 τοὺς
1477 2977 1637 3062 ἀρχαίους

563 3087 659 3153 ὅσον
683 3085 957 3171 διαφέρουσιν.

402 3193 439 3258 ln
465 3193 582 3277 quibus
606 3194 747 3278 primum
770 3195 904 3277 apparet
925 3192 1041 3258 ultima
1063 3192 1161 3258 verba
1185 3193 1266 3258 ὅσον
1289 3191 1525 3278 διαφέρουσιν,
1553 3213 1637 3277 quae

363 3327 389 3369 ιι
403 3321 498 3366 ιιειιιο
521 3300 740 3384 attemptavit,
767 3299 904 3365 fortasse
926 3320 1021 3365 nemo
1044 3300 1194 3383 attendit,
1221 3299 1262 3365 ad
1285 3299 1475 3365 sententiam
1501 3321 1566 3366 non
1589 3319 1637 3364 re

405 3409 501 3493 quiri,
520 3430 601 3491 quae
621 3408 689 3471 sine
708 3407 748 3472 iis
767 3407 937 3472 constabat
955 3411 1021 3472 tam
1041 3412 1126 3473 recte
1141 3429 1236 3491 quam
1251 3408 1334 3472 infra
1348 3404 1392 3495 (p.
1408 3408 1439 3487 3,
1453 3404 1511 3493 26)
1526 3406 1636 3472 eadem

406 3515 566 3579 sententia
589 3516 698 3591 δοκεῖς
716 3514 820 3578 καλὸν
838 3516 1015 3599 τεκμήριον
1033 3514 1235 3599 ἀποφαίνειν
1252 3512 1327 3599 περὶ
1348 3517 1469 3598 σοφίας
1486 3525 1554 3580 τῶν
1572 3523 1638 3579 νῦν

405 3622 489 3704 πρὸς
520 3624 599 3697 τοὺς
630 3619 813 3704 προτέρους
844 3618 889 3707 (h.
913 3643 940 3685 e.
972 3620 999 3684 si
1033 3626 1261 3705 comparantur
1292 3642 1364 3687 cum
1393 3620 1637 3707 superioribus).

405 3727 488 3793 Dein
513 3726 707 3813 intelligitur
729 3728 808 3792 haec
831 3728 908 3792 satis
931 3726 1034 3792 libere
1057 3728 1173 3793 subiici
1192 3728 1340 3812 orationi,
1363 3750 1444 3812 quae
1462 3726 1557 3793 facile
1575 3728 1637 3811 ipsi

406 3834 527 3900 includi
551 3836 730 3900 sententiae
752 3838 910 3919 poterant,
932 3836 1022 3901 velut
1040 3835 1102 3900 hoc
1121 3834 1217 3899 modo
1237 3838 1414 3919 τεκμήριον
1432 3836 1513 3901 ὅσον
1531 3836 1551 3921 ἡ
1570 3846 1638 3901 τῶν

408 3952 472 4008 νῦν
491 3946 595 4028 σοφία
615 3941 767 4027 διαφέρει
786 3944 868 4023 πρὸς
885 3946 965 4020 τοὺς
984 3941 1153 4027 ἀρχαίους,
1172 3941 1211 4006 ad
1230 3944 1410 4027 exemplum
1429 3964 1638 4027 eorumquae

406 4052 560 4137 leguntur
583 4050 616 4114 in
639 4049 781 4136 Legibus
799 4068 812 4113 1
830 4072 862 4134 p.
882 4050 936 4131 34,
956 4050 973 4113 1
995 4048 1135 4125 οὐδένας
1154 4052 1295 4133 οἰόμεθα
1314 4049 1571 4134 ἀμφισβητῆσαι,
1593 4049 1638 4133 μὴ

408 4157 449 4222 οὐ
467 4157 587 4243 τεῐράν
606 4180 641 4221 τε
660 4156 813 4241 ἀλλήλων
831 4155 956 4240 ἐπιεικῆ
975 4156 1100 4240 ταύτην
1119 4150 1215 4239 εἶναι,
1235 4160 1272 4221 τό
1287 4179 1320 4221 τε
1335 4164 1392 4239 τῆς
1407 4157 1571 4232 εὐτελείας
1583 4152 1639 4220 καὶ

407 4263 589 4349 ἀσφαλείας
599 4264 653 4328 καί
666 4264 786 4348 τάχους
798 4262 972 4347 διαφέρειν
985 4264 1067 4347 πρὸς
1079 4265 1136 4339 τάς
1149 4264 1248 4339 ἀλλας
1260 4262 1438 4345 βασάνους.
1456 4261 1528 4328 Hoc
1537 4282 1640 4349 genus

368 4397 395 4437 so
409 4370 535 4436 dicendi
554 4370 618 4435 late
636 4374 727 4455 patet
741 4370 907 4453 multaque
921 4369 1020 4433 habet
1033 4370 1188 4454 exempla,
1206 4372 1322 4454 partim
1338 4368 1497 4455 simplicia
1511 4372 1544 4433 et
1558 4390 1640 4453 quae

406 4478 565 4543 neminem
591 4476 777 4561 impediant,
800 4476 864 4540 alia
886 4476 1028 4541 eiusdem
1052 4478 1173 4541 farinae
1196 4482 1303 4542 tamen
1327 4476 1373 4541 ita
1395 4480 1580 4562 comparata
1602 4476 1642 4540 ut

408 4584 566 4649 emunctis
594 4583 727 4649 naribus
751 4582 891 4647 fastidiri
914 4604 980 4648 non
1004 4582 1158 4649 desinant.
1197 4582 1280 4661 Quid
1304 4584 1465 4649 veteribus
1490 4583 1523 4648 in
1546 4604 1584 4647 ea
1606 4604 1641 4647 re

408 4690 581 4775 probatum
609 4690 720 4774 fuerit,
747 4688 876 4755 Platoni
901 4689 1039 4755 maxime
1063 4696 1095 4755 et
1118 4689 1300 4775 Aristoteli,
1328 4690 1406 4755 olim
1429 4692 1464 4756 in
1486 4690 1641 4756 mantissa

408 4798 449 4861 ad
472 4795 660 4861 Aristotelis
678 4795 842 4861 Poeticam
861 4795 923 4883 (ed.
943 4814 982 4861 111
1001 4820 1031 4882 p.
1053 4796 1116 4863 126
1127 4794 1189 4884 sq.)
1208 4796 1363 4881 exemplis
1383 4796 1508 4862 selectis
1528 4796 1643 4861 dooere

409 4904 605 4986 studuimus,
637 4902 710 4968 aliis
738 4908 770 4969 et
797 4904 971 4969 multorum
1000 4908 1112 4989 postea
1140 4905 1174 4969 in
1201 4902 1310 4969 Herm.
1335 4906 1396 4968 vol.
1421 4921 1492 4968 xxx
1516 4925 1545 4987 p.
1566 4902 1643 4987 364,

409 5033 482 5075 cum
501 5010 616 5075 Dionis
635 5010 766 5075 Prusaei
785 5034 880 5075 usum
898 5012 1137 5096 explicaremus,
1162 5034 1256 5096 quem
1276 5033 1378 5097 nuper
1396 5011 1493 5076 etiam
1514 5009 1551 5075 G.
1567 5009 1642 5075 Kai-

409 5116 513 5181 belius
537 5116 570 5179 in
594 5117 719 5182 erudito
743 5119 973 5183 commentario
997 5117 1145 5183 Electrae
1169 5116 1366 5202 Sophocleae
1389 5118 1498 5203 tetigit
1517 5140 1546 5203 p.
1569 5116 1642 5181 127.

409 5222 486 5289 Non
504 5222 680 5289 redibimus
698 5224 785 5308 illuc,
808 5246 1003 5309 quamquam
1023 5224 1216 5309 pervelimus
1235 5246 1272 5289 es
1290 5229 1436 5291 accurate
1454 5222 1641 5312 recognosci
1657 5236 1695 5295 ιι

410 5330 450 5395 ab
478 5331 519 5396 iis
546 5331 573 5395 si
598 5333 655 5416 qui
677 5337 763 5396 recte
787 5330 927 5398 iudicare
950 5333 1086 5417 cupiunt
1109 5332 1148 5396 ds
1171 5330 1222 5397 bis
1246 5352 1328 5415 quae
1351 5352 1435 5397 nuno
1459 5332 1492 5395 iu
1515 5336 1642 5397 οοιιλτο·
