3925 6675
423 1039 488 1105 248
646 1040 729 1091 xnv.
748 1038 864 1091 mnnx
882 1038 1096 1091 nneuouuu
1114 1038 1347 1092 snsuvnuuu
1366 1042 1444 1092 reor.

421 1200 567 1287 fidenter,
590 1221 811 1286 quaecumque
833 1201 901 1265 eius
925 1200 1102 1265 sententiae
1120 1200 1225 1265 forma
1242 1200 1350 1285 fuerit,
1374 1201 1453 1266 mite·
1470 1202 1606 1267 musae
1622 1199 1660 1265 in

422 1330 459 1374 ea
486 1310 592 1374 loeum
614 1308 779 1392 habuisse,
805 1307 837 1372 h.
856 1328 882 1371 e.
906 1305 979 1389 ἐμοὶ
1003 1308 1113 1393 δειλῇ,
1140 1310 1177 1371 ut
1200 1306 1323 1372 Briseis
1346 1306 1392 1373 sit
1415 1306 1466 1395 (11.
1484 1325 1547 1372 xlx
1564 1305 1660 1391 287),

421 1420 455 1481 et
477 1436 573 1500 quam
596 1415 660 1480 hoe
682 1436 783 1501 genus
806 1415 840 1478 in
864 1414 988 1479 delieiie
1010 1412 1160 1479 babuerit
1178 1411 1325 1479 Catullus
1347 1413 1403 1500 (de
1421 1436 1485 1499 quo
1504 1416 1585 1480 scite
1603 1414 1660 1481 ed-

420 1524 548 1587 monuit
563 1522 599 1586 P.
613 1520 783 1587 Sehulains
797 1520 906 1587 Herm.
920 1538 1009 1585 xxm
1024 1518 1105 1609 583)
1119 1522 1266 1605 exempla
1279 1522 1428 1607 probant,
1442 1542 1491 1587 me
1507 1522 1660 1588 meeum

420 1646 495 1694 xxx
512 1629 548 1714 53
575 1629 651 1713 u93
679 1644 787 1693 axxvr
808 1628 863 1713 193
891 1630 1040 1694 miserem
1067 1648 1116 1712 me
1141 1629 1302 1713 xo1x113
1330 1630 1477 1694 miseram
1501 1648 1550 1693 mse
1572 1644 1661 1693 um

422 1737 479 1821 573
510 1738 623 1801 misero
645 1785 680 1800 ..
703 1735 782 1801 metu
804 1752 841 1799 m
863 1735 900 1819 ὃς
931 1750 1044 1799 uxvffl
1062 1734 1120 1821 203
1148 1736 1199 1799 92.
1242 1732 1277 1800 Si
1309 1756 1385 1801 vero
1417 1742 1503 1801 reete
1536 1732 1660 1801 catuli

421 1864 511 1909 more
542 1842 701 1927 probante
732 1842 884 1927 ponimus
911 1843 992 1908 mdi
1018 1846 1052 1907 et
1078 1844 1211 1909 misem
1238 1843 1364 1929 seiungi
1392 1846 1425 1908 et
1452 1842 1486 1907 in
1514 1840 1660 1907 divense

421 1953 530 2033 partes
558 1949 713 2014 orationis
736 1948 886 2015 distribui
908 1968 975 2015 non
999 1949 1126 2033 debere,
1153 1948 1232 2015 lieet
1253 1949 1331 2015 bine
1354 1949 1451 2014 etism
1473 1950 1509 2014 in
1531 1952 1661 2014 eontra·

421 2058 506 2121 rium
529 2057 728 2140 ratiocinari,
755 2056 920 2140 inpriore
943 2057 1103 2121 sententia
1126 2056 1244 2121 blundo
1265 2076 1332 2121 non
1354 2056 1454 2121 fuisse
1477 2055 1533 2121 sed
1556 2054 1661 2121 fuisse

382 2189 409 2231 ro
422 2163 519 2229 nobes.

510 2269 712 2355 Itaqueiam
735 2270 815 2335 haee
837 2273 887 2333 est
909 2270 1013 2335 oratio

626 2377 673 2441 At
694 2396 759 2441 aon
779 2377 855 2440 tuse
875 2376 1035 2457 quomdam
1057 2376 1146 2441 mou
1163 2378 1322 2458 proeesse
1345 2376 1459 2443 dedisti

633 2482 717 2566 Voss,
740 2482 820 2547 mdm
841 2502 905 2548 noa
926 2482 1002 2547 bueo
1024 2484 1156 2548 miserae
1177 2501 1303 2565 sperare
1325 2482 1459 2549 iubebas.

422 2588 548 2675 Inque
570 2588 653 2655 nihil
676 2612 696 2654 a
714 2587 983 2675 sangermanensi
1006 2590 1185 2675 oeterisqne
1207 2590 1302 2655 bonis
1324 2590 1419 2655 libris
1438 2588 1574 2655 discedit
1592 2588 1660 2655 uisi

422 2717 478 2763 see
505 2697 661 2781 seriptum
688 2716 747 2781 pro
774 2716 851 2779 noa,
879 2696 966 2781 quod
989 2697 1023 2761 iu
1045 2716 1111 2761 uuo
1135 2696 1276 2762 alterove
1299 2696 1567 2781 interpolatorum
1589 2714 1662 2761 eou-

421 2808 546 2870 reetum
574 2809 630 2869 est
667 2804 717 2869 Ao
742 2804 929 2889 praestabat
954 2804 1091 2869 fortasse
1119 2802 1181 2869 heo
1207 2819 1272 2869 une
1300 2804 1497 2869 eorreetione
1523 2802 1660 2889 defungi

422 2915 455 2975 et
478 2911 510 2975 in
535 2910 600 2975 iste
622 2909 876 2976 conforrnatione
898 2911 1108 2993 acquiescere.
1146 2908 1209 2975 Sed
1233 2915 1406 2975 occurrunt
1427 2914 1535 2976 tamen
1558 2910 1660 2975 otiam

421 3037 508 3081 nuno
530 3016 747 3082 dubitationes
769 3038 836 3082 non
858 3016 1011 3103 indignae
1034 3038 1116 3101 quae
1139 3014 1388 3082 considerentur.
1424 3014 1463 3082 In
1485 3016 1548 3081 bae
1569 3016 1660 3081 enim

422 3123 566 3188 oratione
589 3123 668 3188 metri
690 3142 753 3188 eea
775 3123 850 3187 bees
872 3124 1004 3189 miserae
1025 3142 1151 3205 sperare
1173 3123 1298 3190 iubebas
1320 3124 1416 3191 focile
1438 3124 1596 3188 addueare
1618 3130 1660 3187 ut

381 3256 409 3297 so
422 3230 567 3295 dativum
594 3230 674 3294 meisi
700 3231 833 3295 miserae
853 3252 873 3294 a
895 3229 1023 3321 iesbeodi
1046 3230 1143 3295 verbo
1168 3252 1358 3315 suspensum
1382 3253 1451 3297 esse
1474 3235 1596 3312 eredas,
1623 3234 1660 3297 et

423 3337 537 3401 statuit
559 3336 623 3402 hoo
644 3336 789 3422 Ellieius,
811 3337 867 3401 sed
889 3339 1036 3422 exempla
1058 3359 1219 3422 perpsuea
1236 3342 1313 3402 suut
1330 3359 1390 3404 neo
1407 3339 1485 3404 satie
1505 3343 1601 3420 certa,
1623 3343 1660 3403 et

421 3443 485 3508 hoo
511 3444 585 3509 loeo
612 3465 651 3508 eo
678 3443 782 3529 magis
809 3443 842 3507 id
870 3443 1056 3531 ambiguum
1085 3449 1135 3510 est
1163 3444 1238 3529 quia
1266 3445 1394 3510 dativus
1421 3446 1501 3512 milei
1525 3445 1661 3512 munuc

422 3554 551 3636 poterat
573 3571 644 3616 oum
666 3553 818 3632 meandi
842 3552 938 3617 verbo
962 3554 1155 3618 coniunctus
1174 3573 1252 3636 esse,
1274 3555 1311 3616 ut
1329 3551 1493 3638 Vergilius
1511 3551 1660 3637 loquitur

423 3656 517 3744 (Aen
536 3674 586 3721 xn
606 3657 687 3744 241)
708 3660 763 3740 qui
782 3658 844 3722 sebi
861 3661 929 3724 iem
945 3661 1082 3740 requiem
1094 3679 1223 3742 pupmee
1240 3659 1387 3742 rebusque
1403 3659 1535 3725 satutem
1552 3678 1659 3742 spere

422 3766 514 3842 bonu·
536 3763 691 3829 Horatius
712 3763 753 3851 (a
772 3787 804 3850 p.
818 3763 899 3851 240)
921 3772 957 3831 ut
975 3765 1037 3832 eibi
1055 3767 1157 3847 peinis
1174 3771 1272 3847 speret
1290 3767 1389 3843 ideam
1413 3761 1546 3831 Ovidius
1565 3763 1658 3851 (Met

422 3870 549 3958 11631)
575 3878 808 3953 memque
834 3871 895 3936 nbi
921 3892 985 3936 moe
1010 3871 1113 3952 fatuae
1132 3873 1281 3954 praemio
1303 3873 1437 3956 linques.
1474 3869 1525 3936 Itu
1548 3876 1658 3937 autem

423 3981 451 4044 ei
483 3977 602 4043 Catulli
634 3979 732 4045 rerba
763 3979 1026 4063 interpretamur,
1059 3997 1123 4043 eoa
1154 3978 1279 4044 debebas
1309 3979 1384 4044 boec
1415 3978 1494 4046 miti
1525 3979 1660 4046 miserae

422 4107 560 4168 ερονανε,
592 4085 668 4150 ilieo
701 4084 902 4150 aecusativus
934 4084 1107 4149 desiderari
1133 4083 1275 4169 videtur,
1307 4085 1363 4170 qui
1391 4084 1518 4151 facilius
1545 4083 1658 4150 abesse

421 4196 563 4278 poterat,
590 4193 618 4256 si
645 4213 686 4256 ne
708 4191 846 4256 alterum
869 4190 998 4275 quidem
1021 4213 1198 4275 pronomen
1221 4191 1365 4256 additum
1390 4195 1470 4270 eret,
1497 4211 1561 4258 noa
1582 4189 1660 4258 haee

382 4324 409 4365 so
422 4319 548 4381 mare
568 4299 702 4364 iubebas.
740 4295 803 4363 Sed
827 4298 979 4381 quoniam
1002 4297 1096 4362 nobis
1115 4301 1241 4363 constat
1260 4299 1338 4363 mibi
1356 4299 1489 4364 musae
1505 4295 1604 4362 verba
1623 4299 1656 4364 in

422 4407 486 4472 hoe
513 4427 608 4470 versu
630 4406 753 4470 moveri
774 4425 841 4469 non
865 4403 993 4487 debere,
1020 4401 1149 4469 uliunde
1171 4404 1247 4469 huie
1270 4405 1463 4470 dubitationi
1486 4403 1657 4470 obvenien-

423 4513 500 4576 dum
522 4517 581 4576 est.
622 4510 662 4576 ln
685 4532 749 4595 qua
771 4533 807 4576 re
829 4511 934 4575 aenne
958 4511 1186 4576 attendendum
1205 4515 1262 4590 est,
1284 4532 1340 4577 aee
1356 4533 1416 4596 pro
1434 4531 1498 4577 aea
1516 4511 1551 4576 in
1569 4513 1658 4576 utun·

424 4640 488 4702 que
509 4617 593 4682 libro
617 4622 782 4683 ornatum
805 4616 914 4699 fuisse,
938 4617 994 4702 qui
1017 4619 1078 4682 etei
1096 4619 1176 4683 levis
1195 4639 1285 4683 error
1302 4639 1371 4682 esse
1390 4616 1525 4704 videtur,
1547 4622 1657 4684 termo

422 4725 495 4789 eius
519 4726 552 4788 in
575 4723 626 4789 his
646 4723 765 4789 Catulli
789 4725 984 4790 carminibus
1007 4725 1069 4790 nisi
1093 4725 1237 4790 fallimur
1259 4748 1325 4790 non
1348 4727 1455 4790 exstat
1473 4727 1656 4810 exemplum

423 4835 646 4914 praeterquam
667 4852 692 4894 e.
706 4847 730 4894 x
747 4831 797 4914 13,
816 4831 873 4895 ubi
891 4852 955 4897 moa
969 4830 1254 4918 Sengermanensis
1272 4853 1345 4897 eum
1365 4831 1479 4897 esteris
1496 4831 1658 4916 omuibus,

423 4959 507 5002 unua
534 4935 727 5002 Oxoniensis
757 4958 813 5004 aee
843 4937 974 5003 exhibet
1002 4939 1088 5023 quod
1116 4961 1180 5004 uon
1209 4940 1328 5004 iniuria
1354 4937 1542 5024 praefertur.
1584 4937 1656 5015 Quo

424 5065 496 5110 eum
521 5044 650 5109 assedet
672 5045 707 5108 in
729 5046 792 5110 hoe
814 5067 909 5110 versu
931 5065 1000 5110 ooee
1023 5047 1102 5111 mibi
1119 5067 1174 5112 aee
1190 5047 1265 5111 haee
1282 5048 1415 5112 meuse
1431 5065 1557 5128 sperare
1573 5043 1658 5110 iete-

423 5151 479 5216 bes
507 5151 592 5236 quod
616 5151 649 5216 in
673 5152 754 5216 mebi
778 5171 833 5217 nee
853 5152 1029 5236 impeditur
1052 5175 1176 5236 oureus,
1204 5154 1260 5238 qui
1283 5153 1352 5218 sine
1375 5152 1454 5218 modu
1476 5155 1561 5217 reete
1585 5173 1658 5236 pro-

425 5258 517 5342 eedit,
540 5279 608 5323 voce
630 5279 685 5324 aee
705 5259 780 5324 hoec
802 5261 934 5324 misene
954 5280 1081 5342 eperme
1103 5261 1239 5340 edebas,
1262 5260 1436 5326 verisimile
1458 5260 1497 5323 fit
1518 5279 1583 5326 non
1602 5279 1657 5326 uec
