<?xml version="1.0" encoding="UTF-8"?>
<!DOCTYPE html PUBLIC "-//W3C//DTD XHTML 1.0 Transitional//EN"
    "http://www.w3.org/TR/xhtml1/DTD/xhtml1-transitional.dtd">
<html xmlns="http://www.w3.org/1999/xhtml" xml:lang="en" lang="en">
 <head>
  <title>
</title>
<meta http-equiv="Content-Type" content="text/html;charset=utf-8" />
  <meta name='ocr-system' content='tesseract 3.04.00' />
  <meta name='ocr-capabilities' content='ocr_page ocr_carea ocr_par ocr_line ocrx_word'/>
</head>
<body>
  <div class='ocr_page' id='page_1' title='image "./iohannisvahleni01vahlgoog/iohannisvahleni01vahlgoog_0389.png"; bbox 0 0 3925 6675; ppageno 0'>
   <div class='ocr_carea' id='block_1_1' title="bbox 547 1134 1543 1200">
    <p class='ocr_par' dir='ltr' id='par_1_1' title="bbox 547 1134 1543 1200">
     <span class='ocr_line' id='line_1_1' title="bbox 547 1134 1543 1200; baseline 0.01 -11"><span class='ocrx_word' id='word_1_1' title='bbox 547 1136 728 1189; x_wconf 77' lang='lat' dir='ltr'><strong>enesionis</strong></span> <span class='ocrx_word' id='word_1_2' title='bbox 746 1136 942 1188; x_wconf 77' lang='lat' dir='ltr'><strong>Pmsomci</strong></span> <span class='ocrx_word' id='word_1_3' title='bbox 961 1136 1257 1189; x_wconf 76' lang='lat' dir='ltr'><strong>onssnvssionns</strong></span> <span class='ocrx_word' id='word_1_4' title='bbox 1276 1139 1311 1188; x_wconf 92' lang='lat'><strong><em>11.</em></strong></span> <span class='ocrx_word' id='word_1_5' title='bbox 1479 1134 1543 1200; x_wconf 84' lang='lat'><strong><em>381</em></strong></span> 
     </span>
    </p>
   </div>
   <div class='ocr_carea' id='block_1_2' title="bbox 245 1295 1590 5449">
    <p class='ocr_par' dir='ltr' id='par_1_2' title="bbox 281 1295 1588 2878">
     <span class='ocr_line' id='line_1_2' title="bbox 281 1295 1546 1382; baseline 0.007 -28"><span class='ocrx_word' id='word_1_6' title='bbox 281 1295 416 1361; x_wconf 81' lang='lat' dir='ltr'><strong>veluti</strong></span> <span class='ocrx_word' id='word_1_7' title='bbox 438 1298 473 1362; x_wconf 92' lang='lat' dir='ltr'><strong>in</strong></span> <span class='ocrx_word' id='word_1_8' title='bbox 495 1296 620 1382; x_wconf 82' lang='lat' dir='ltr'><strong>Hippia</strong></span> <span class='ocrx_word' id='word_1_9' title='bbox 642 1301 753 1363; x_wconf 80' lang='lat' dir='ltr'><strong>nostro</strong></span> <span class='ocrx_word' id='word_1_10' title='bbox 776 1321 807 1382; x_wconf 91' lang='lat' dir='ltr'><strong><em>p.</em></strong></span> <span class='ocrx_word' id='word_1_11' title='bbox 827 1297 862 1381; x_wconf 83' lang='lat'><strong><em>9,</em></strong></span> <span class='ocrx_word' id='word_1_12' title='bbox 881 1297 924 1363; x_wconf 86' lang='lat'><strong><em>33</em></strong></span> <span class='ocrx_word' id='word_1_13' title='bbox 952 1297 970 1363; x_wconf 87' lang='grc' dir='ltr'><strong>ὁ</strong></span> <span class='ocrx_word' id='word_1_14' title='bbox 994 1307 1093 1363; x_wconf 89' lang='grc' dir='ltr'><strong><em>τοῦτο</em></strong></span> <span class='ocrx_word' id='word_1_15' title='bbox 1117 1298 1271 1382; x_wconf 87' lang='grc' dir='ltr'><strong><em>ἐρωτῶν</em></strong></span> <span class='ocrx_word' id='word_1_16' title='bbox 1295 1301 1400 1363; x_wconf 85' lang='grc' dir='ltr'><strong><em>δεῖται</em></strong></span> <span class='ocrx_word' id='word_1_17' title='bbox 1423 1297 1546 1363; x_wconf 83' lang='grc' dir='ltr'><strong><em>πυθέ-</em></strong></span> 
     </span>
     <span class='ocr_line' id='line_1_3' title="bbox 282 1401 1546 1489; baseline 0.001 -21"><span class='ocrx_word' id='word_1_18' title='bbox 282 1415 311 1460; x_wconf 71' lang='lat'><em>6</em></span> <span class='ocrx_word' id='word_1_19' title='bbox 319 1408 411 1468; x_wconf 80' lang='grc' dir='ltr'><strong><em>θαι</em></strong></span> <span class='ocrx_word' id='word_1_20' title='bbox 437 1405 472 1469; x_wconf 84' lang='grc' dir='ltr'><strong><em>τί</em></strong></span> <span class='ocrx_word' id='word_1_21' title='bbox 497 1401 568 1469; x_wconf 82' lang='grc' dir='ltr'><strong><em>ἐστι</em></strong></span> <span class='ocrx_word' id='word_1_22' title='bbox 595 1406 711 1487; x_wconf 69' lang='grc' dir='ltr'><strong><em>καλόνς</em></strong></span> <span class='ocrx_word' id='word_1_23' title='bbox 743 1427 774 1488; x_wconf 89' lang='lat' dir='ltr'><strong><em>p.</em></strong></span> <span class='ocrx_word' id='word_1_24' title='bbox 796 1404 891 1488; x_wconf 83' lang='lat'><strong>18,3</strong></span> <span class='ocrx_word' id='word_1_25' title='bbox 915 1405 1015 1481; x_wconf 84' lang='grc' dir='ltr'><strong><em>αὐτός</em></strong></span> <span class='ocrx_word' id='word_1_26' title='bbox 1037 1428 1093 1489; x_wconf 91' lang='grc' dir='ltr'><strong><em>μοι</em></strong></span> <span class='ocrx_word' id='word_1_27' title='bbox 1118 1408 1298 1489; x_wconf 73' lang='grc' dir='ltr'><em>προβάλλει</em></span> <span class='ocrx_word' id='word_1_28' title='bbox 1322 1405 1488 1488; x_wconf 83' lang='grc' dir='ltr'><strong><em>ἐρωτῶν,</em></strong></span> <span class='ocrx_word' id='word_1_29' title='bbox 1517 1406 1546 1469; x_wconf 78' lang='grc' dir='ltr'><strong><em>εί</em></strong></span> 
     </span>
     <span class='ocr_line' id='line_1_4' title="bbox 283 1504 1545 1598; baseline 0.004 -27"><span class='ocrx_word' id='word_1_30' title='bbox 283 1513 445 1577; x_wconf 84' lang='grc' dir='ltr'><strong><em>τοιόνδε</em></strong></span> <span class='ocrx_word' id='word_1_31' title='bbox 467 1535 526 1596; x_wconf 94' lang='grc' dir='ltr'><strong><em>μοι</em></strong></span> <span class='ocrx_word' id='word_1_32' title='bbox 550 1513 642 1576; x_wconf 83' lang='grc' dir='ltr'><strong><em>δοκεῖ</em></strong></span> <span class='ocrx_word' id='word_1_33' title='bbox 664 1504 749 1576; x_wconf 78' lang='grc' dir='ltr'><strong><em>εἶναι</em></strong></span> <span class='ocrx_word' id='word_1_34' title='bbox 772 1513 810 1577; x_wconf 89' lang='grc' dir='ltr'><strong><em>τὸ</em></strong></span> <span class='ocrx_word' id='word_1_35' title='bbox 833 1514 946 1592; x_wconf 77' lang='grc' dir='ltr'><strong><em>καλόν,</em></strong></span> <span class='ocrx_word' id='word_1_36' title='bbox 969 1512 990 1596; x_wconf 78' lang='grc' dir='ltr'><strong><em>ἣ</em></strong></span> <span class='ocrx_word' id='word_1_37' title='bbox 1013 1513 1068 1577; x_wconf 79' lang='grc' dir='ltr'><strong><em>καὶ</em></strong></span> <span class='ocrx_word' id='word_1_38' title='bbox 1087 1511 1162 1595; x_wconf 77' lang='grc' dir='ltr'><strong><em>περὶ</em></strong></span> <span class='ocrx_word' id='word_1_39' title='bbox 1182 1514 1284 1577; x_wconf 78' lang='grc' dir='ltr'><strong><em>ἄλλον</em></strong></span> <span class='ocrx_word' id='word_1_40' title='bbox 1304 1512 1384 1577; x_wconf 88' lang='grc' dir='ltr'><strong><em>ὅτου</em></strong></span> <span class='ocrx_word' id='word_1_41' title='bbox 1402 1511 1445 1576; x_wconf 82' lang='grc' dir='ltr'><strong><em>ἀν</em></strong></span> <span class='ocrx_word' id='word_1_42' title='bbox 1462 1513 1545 1598; x_wconf 83' lang='grc' dir='ltr'><strong><em>τύχη</em></strong></span> 
     </span>
     <span class='ocr_line' id='line_1_5' title="bbox 285 1617 1546 1704; baseline 0.003 -24"><span class='ocrx_word' id='word_1_43' title='bbox 285 1621 635 1701; x_wconf 68' lang='grc' dir='ltr'><strong><em>πυνθανόμενος,</em></strong></span> <span class='ocrx_word' id='word_1_44' title='bbox 664 1622 696 1682; x_wconf 88' lang='lat' dir='ltr'><strong>et</strong></span> <span class='ocrx_word' id='word_1_45' title='bbox 723 1618 758 1683; x_wconf 93' lang='lat' dir='ltr'><strong>in</strong></span> <span class='ocrx_word' id='word_1_46' title='bbox 785 1619 910 1684; x_wconf 90' lang='lat' dir='ltr'><strong>minore</strong></span> <span class='ocrx_word' id='word_1_47' title='bbox 932 1617 1057 1704; x_wconf 81' lang='lat' dir='ltr'><strong>Hippin</strong></span> <span class='ocrx_word' id='word_1_48' title='bbox 1079 1620 1113 1683; x_wconf 90' lang='lat' dir='ltr'><strong>in</strong></span> <span class='ocrx_word' id='word_1_49' title='bbox 1137 1619 1247 1684; x_wconf 92' lang='lat' dir='ltr'><strong>eodem</strong></span> <span class='ocrx_word' id='word_1_50' title='bbox 1272 1640 1367 1684; x_wconf 90' lang='lat' dir='ltr'><strong>cursu</strong></span> <span class='ocrx_word' id='word_1_51' title='bbox 1391 1619 1546 1684; x_wconf 76' lang='lat' dir='ltr'>emtionis</span> 
     </span>
     <span class='ocr_line' id='line_1_6' title="bbox 288 1723 1546 1810; baseline 0.001 -21"><span class='ocrx_word' id='word_1_52' title='bbox 288 1737 334 1800; x_wconf 75' lang='grc'><strong><em>1)-</em></strong></span> <span class='ocrx_word' id='word_1_53' title='bbox 345 1723 428 1808; x_wconf 79' lang='grc'><strong><em>35,7</em></strong></span> <span class='ocrx_word' id='word_1_54' title='bbox 444 1724 550 1809; x_wconf 80' lang='grc' dir='ltr'><strong><em>ἡδέως</em></strong></span> <span class='ocrx_word' id='word_1_55' title='bbox 563 1723 606 1790; x_wconf 81' lang='grc' dir='ltr'><strong><em>ἂν</em></strong></span> <span class='ocrx_word' id='word_1_56' title='bbox 619 1725 972 1810; x_wconf 82' lang='grc' dir='ltr'><strong><em>πυθοίμηνἹππίου,</em></strong></span> <span class='ocrx_word' id='word_1_57' title='bbox 989 1726 1030 1789; x_wconf 90' lang='grc'><strong><em>13</em></strong></span> <span class='ocrx_word' id='word_1_58' title='bbox 1045 1725 1147 1809; x_wconf 79' lang='grc' dir='ltr'><strong><em>ἡδέως</em></strong></span> <span class='ocrx_word' id='word_1_59' title='bbox 1162 1725 1546 1809; x_wconf 82' lang='grc' dir='ltr'><strong><em>ἀν..ἀναπυθοίμην,</em></strong></span> 
     </span>
     <span class='ocr_line' id='line_1_7' title="bbox 293 1824 1546 1919; baseline 0.004 -26"><span class='ocrx_word' id='word_1_60' title='bbox 293 1824 358 1893; x_wconf 81' lang='grc'><strong><em>18</em></strong></span> <span class='ocrx_word' id='word_1_61' title='bbox 377 1830 431 1897; x_wconf 84' lang='grc' dir='ltr'><strong><em>ἐάν</em></strong></span> <span class='ocrx_word' id='word_1_62' title='bbox 448 1856 481 1898; x_wconf 90' lang='grc' dir='ltr'><strong><em>τι</em></strong></span> <span class='ocrx_word' id='word_1_63' title='bbox 495 1833 600 1898; x_wconf 85' lang='grc' dir='ltr'><strong><em>αὐτὸν</em></strong></span> <span class='ocrx_word' id='word_1_64' title='bbox 613 1830 772 1918; x_wconf 79' lang='grc' dir='ltr'><strong><em>ἐρωτᾷς,</em></strong></span> <span class='ocrx_word' id='word_1_65' title='bbox 790 1832 830 1896; x_wconf 84' lang='grc'><strong><em>19</em></strong></span> <span class='ocrx_word' id='word_1_66' title='bbox 846 1832 906 1898; x_wconf 85' lang='grc' dir='ltr'><strong><em>ἐάν</em></strong></span> <span class='ocrx_word' id='word_1_67' title='bbox 918 1857 950 1897; x_wconf 92' lang='grc' dir='ltr'><strong><em>τι</em></strong></span> <span class='ocrx_word' id='word_1_68' title='bbox 965 1834 1088 1919; x_wconf 80' lang='grc' dir='ltr'><strong><em>ἐρωτᾷ</em></strong></span> <span class='ocrx_word' id='word_1_69' title='bbox 1103 1853 1139 1898; x_wconf 90' lang='grc' dir='ltr'><strong><em>σε</em></strong></span> <span class='ocrx_word' id='word_1_70' title='bbox 1154 1835 1343 1918; x_wconf 80' lang='grc' dir='ltr'><strong><em>Σωκράτης,</em></strong></span> <span class='ocrx_word' id='word_1_71' title='bbox 1363 1833 1546 1916; x_wconf 86' lang='grc' dir='ltr'><strong><em>άποκρινεῖ,</em></strong></span> 
     </span>
     <span class='ocr_line' id='line_1_8' title="bbox 292 1938 1547 2028; baseline 0.004 -29"><span class='ocrx_word' id='word_1_72' title='bbox 292 1951 338 2014; x_wconf 89' lang='lat' dir='ltr'><strong><em>p.</em></strong></span> <span class='ocrx_word' id='word_1_73' title='bbox 361 1938 412 2023; x_wconf 83' lang='lat'><strong><em>36,</em></strong></span> <span class='ocrx_word' id='word_1_74' title='bbox 425 1940 447 2003; x_wconf 92' lang='grc'><strong><em>2</em></strong></span> <span class='ocrx_word' id='word_1_75' title='bbox 461 1939 727 2023; x_wconf 77' lang='grc' dir='ltr'><strong><em>ἀποκρινόμενον</em></strong></span> <span class='ocrx_word' id='word_1_76' title='bbox 740 1949 785 2028; x_wconf 81' lang='grc' dir='ltr'><strong><em>τᾷ</em></strong></span> <span class='ocrx_word' id='word_1_77' title='bbox 796 1939 989 2028; x_wconf 78' lang='grc' dir='ltr'><strong><em>βουλομένῳ</em></strong></span> <span class='ocrx_word' id='word_1_78' title='bbox 1005 1940 1023 2004; x_wconf 90' lang='grc' dir='ltr'><strong><em>ό</em></strong></span> <span class='ocrx_word' id='word_1_79' title='bbox 1038 1964 1069 2004; x_wconf 92' lang='grc' dir='ltr'><strong><em>τι</em></strong></span> <span class='ocrx_word' id='word_1_80' title='bbox 1084 1941 1126 2004; x_wconf 88' lang='grc' dir='ltr'><strong><em>ἀν</em></strong></span> <span class='ocrx_word' id='word_1_81' title='bbox 1140 1964 1190 2016; x_wconf 92' lang='grc' dir='ltr'><strong><em>τις</em></strong></span> <span class='ocrx_word' id='word_1_82' title='bbox 1204 1938 1341 2026; x_wconf 81' lang='grc' dir='ltr'><strong><em>ἐρωτᾷ,</em></strong></span> <span class='ocrx_word' id='word_1_83' title='bbox 1356 1949 1420 2005; x_wconf 85' lang='grc' dir='ltr'><strong><em>νῦν</em></strong></span> <span class='ocrx_word' id='word_1_84' title='bbox 1435 1941 1472 2005; x_wconf 82' lang='grc' dir='ltr'><strong><em>δέ</em></strong></span> <span class='ocrx_word' id='word_1_85' title='bbox 1486 1942 1547 2023; x_wconf 83' lang='grc' dir='ltr'><strong><em>τὴν</em></strong></span> 
     </span>
     <span class='ocr_line' id='line_1_9' title="bbox 296 2040 1546 2131; baseline 0.002 -21"><span class='ocrx_word' id='word_1_86' title='bbox 296 2040 517 2129; x_wconf 79' lang='grc' dir='ltr'><strong><em>Σωκράτους</em></strong></span> <span class='ocrx_word' id='word_1_87' title='bbox 544 2046 738 2130; x_wconf 77' lang='grc' dir='ltr'><strong><em>ἐρώτησιν</em></strong></span> <span class='ocrx_word' id='word_1_88' title='bbox 765 2047 907 2131; x_wconf 83' lang='grc' dir='ltr'><strong><em>φύγοιμι</em></strong></span> <span class='ocrx_word' id='word_1_89' title='bbox 935 2050 968 2111; x_wconf 88' lang='lat' dir='ltr'><strong>et</strong></span> <span class='ocrx_word' id='word_1_90' title='bbox 991 2071 1020 2131; x_wconf 92' lang='lat' dir='ltr'><strong><em>p.</em></strong></span> <span class='ocrx_word' id='word_1_91' title='bbox 1040 2047 1098 2130; x_wconf 83' lang='lat'><strong><em>43,</em></strong></span> <span class='ocrx_word' id='word_1_92' title='bbox 1117 2046 1160 2112; x_wconf 87' lang='grc'><strong><em>28</em></strong></span> <span class='ocrx_word' id='word_1_93' title='bbox 1184 2046 1359 2130; x_wconf 74' lang='grc' dir='ltr'><strong><em>ἐπιθυμῶν</em></strong></span> <span class='ocrx_word' id='word_1_94' title='bbox 1381 2055 1505 2128; x_wconf 78' lang='grc' dir='ltr'><strong><em>μαθεῖν</em></strong></span> <span class='ocrx_word' id='word_1_95' title='bbox 1528 2046 1546 2112; x_wconf 87' lang='grc' dir='ltr'><strong><em>ό</em></strong></span> 
     </span>
     <span class='ocr_line' id='line_1_10' title="bbox 297 2151 1547 2238; baseline 0.001 -21"><span class='ocrx_word' id='word_1_96' title='bbox 297 2166 344 2210; x_wconf 70' lang='grc' dir='ltr'><strong><em>τι</em></strong></span> <span class='ocrx_word' id='word_1_97' title='bbox 378 2151 462 2235; x_wconf 72' lang='grc' dir='ltr'><strong><em>λέγει</em></strong></span> <span class='ocrx_word' id='word_1_98' title='bbox 490 2153 817 2238; x_wconf 87' lang='grc' dir='ltr'><strong><em>διαπυνθάνομαι</em></strong></span> <span class='ocrx_word' id='word_1_99' title='bbox 845 2152 900 2218; x_wconf 76' lang='grc' dir='ltr'><strong><em>καὶ</em></strong></span> <span class='ocrx_word' id='word_1_100' title='bbox 928 2152 1146 2219; x_wconf 87' lang='grc' dir='ltr'><strong><em>ἐπανασκοπῶ</em></strong></span> <span class='ocrx_word' id='word_1_101' title='bbox 1259 2154 1299 2217; x_wconf 91' lang='grc'><strong>31</strong></span> <span class='ocrx_word' id='word_1_102' title='bbox 1331 2155 1407 2218; x_wconf 86' lang='grc' dir='ltr'><strong><em>ούτε</em></strong></span> <span class='ocrx_word' id='word_1_103' title='bbox 1435 2153 1547 2218; x_wconf 86' lang='grc' dir='ltr'><strong><em>ἐπαν-</em></strong></span> 
     </span>
     <span class='ocr_line' id='line_1_11' title="bbox 300 2255 1588 2345; baseline 0.001 -22"><span class='ocrx_word' id='word_1_104' title='bbox 300 2270 446 2337; x_wconf 70' lang='grc' dir='ltr'><strong><em>ερωτῶ</em></strong></span> <span class='ocrx_word' id='word_1_105' title='bbox 472 2260 550 2326; x_wconf 79' lang='grc' dir='ltr'><strong><em>οὔτε</em></strong></span> <span class='ocrx_word' id='word_1_106' title='bbox 576 2283 633 2344; x_wconf 90' lang='grc' dir='ltr'><strong><em>μοι</em></strong></span> <span class='ocrx_word' id='word_1_107' title='bbox 660 2259 751 2342; x_wconf 77' lang='grc' dir='ltr'><strong><em>μέλει</em></strong></span> <span class='ocrx_word' id='word_1_108' title='bbox 779 2255 828 2326; x_wconf 88' lang='grc' dir='ltr'><strong><em>ών</em></strong></span> <span class='ocrx_word' id='word_1_109' title='bbox 855 2259 1027 2343; x_wconf 82' lang='grc' dir='ltr'><strong><em>λέγει...</em></strong></span> <span class='ocrx_word' id='word_1_110' title='bbox 1055 2261 1099 2326; x_wconf 88' lang='grc'><strong><em>34</em></strong></span> <span class='ocrx_word' id='word_1_111' title='bbox 1126 2264 1436 2345; x_wconf 80' lang='grc' dir='ltr'><strong><em>πυνθανόμενον</em></strong></span> <span class='ocrx_word' id='word_1_112' title='bbox 1462 2258 1541 2343; x_wconf 87' lang='grc' dir='ltr'><strong><em>παρ’</em></strong></span> <span class='ocrx_word' id='word_1_113' title='bbox 1561 2280 1588 2317; x_wconf 90' lang='lat'><strong><em>1⁰</em></strong></span> 
     </span>
     <span class='ocr_line' id='line_1_12' title="bbox 301 2361 1547 2455; baseline 0.002 -26"><span class='ocrx_word' id='word_1_114' title='bbox 301 2361 429 2431; x_wconf 70' lang='grc' dir='ltr'><strong><em>αὐτοῦ.</em></strong></span> <span class='ocrx_word' id='word_1_115' title='bbox 465 2365 587 2432; x_wconf 83' lang='lat' dir='ltr'><strong>Verum</strong></span> <span class='ocrx_word' id='word_1_116' title='bbox 614 2371 723 2432; x_wconf 69' lang='lat' dir='ltr'><strong>tamen</strong></span> <span class='ocrx_word' id='word_1_117' title='bbox 749 2366 830 2433; x_wconf 84' lang='lat' dir='ltr'><strong>heec</strong></span> <span class='ocrx_word' id='word_1_118' title='bbox 857 2368 967 2432; x_wconf 83' lang='lat' dir='ltr'><strong>eedem</strong></span> <span class='ocrx_word' id='word_1_119' title='bbox 996 2369 1157 2455; x_wconf 79' lang='lat' dir='ltr'><strong>geminate</strong></span> <span class='ocrx_word' id='word_1_120' title='bbox 1183 2368 1335 2454; x_wconf 82' lang='lat' dir='ltr'><strong>leguntur</strong></span> <span class='ocrx_word' id='word_1_121' title='bbox 1362 2369 1396 2432; x_wconf 89' lang='lat' dir='ltr'><strong>in</strong></span> <span class='ocrx_word' id='word_1_122' title='bbox 1425 2367 1547 2452; x_wconf 83' lang='lat' dir='ltr'><strong>Hippia</strong></span> 
     </span>
     <span class='ocr_line' id='line_1_13' title="bbox 303 2472 1546 2559; baseline 0.001 -22"><span class='ocrx_word' id='word_1_123' title='bbox 303 2472 439 2538; x_wconf 78' lang='lat' dir='ltr'><strong>minore</strong></span> <span class='ocrx_word' id='word_1_124' title='bbox 457 2496 489 2558; x_wconf 88' lang='lat' dir='ltr'><strong><em>p.</em></strong></span> <span class='ocrx_word' id='word_1_125' title='bbox 502 2472 556 2558; x_wconf 88' lang='grc'><strong><em>46,</em></strong></span> <span class='ocrx_word' id='word_1_126' title='bbox 571 2475 612 2538; x_wconf 77' lang='grc'><strong><em>27</em></strong></span> <span class='ocrx_word' id='word_1_127' title='bbox 633 2473 675 2539; x_wconf 90' lang='grc' dir='ltr'><strong><em>ού</em></strong></span> <span class='ocrx_word' id='word_1_128' title='bbox 693 2476 758 2557; x_wconf 87' lang='grc' dir='ltr'><strong><em>γὰρ</em></strong></span> <span class='ocrx_word' id='word_1_129' title='bbox 777 2475 975 2559; x_wconf 74' lang='grc' dir='ltr'><strong><em>αἰσχύνομαι</em></strong></span> <span class='ocrx_word' id='word_1_130' title='bbox 995 2474 1180 2559; x_wconf 78' lang='grc' dir='ltr'><strong><em>μανθάνων</em></strong></span> <span class='ocrx_word' id='word_1_131' title='bbox 1194 2474 1276 2540; x_wconf 76' lang='grc' dir='ltr'><strong><em>ἀλλά</em></strong></span> <span class='ocrx_word' id='word_1_132' title='bbox 1290 2476 1546 2559; x_wconf 85' lang='grc' dir='ltr'><strong><em>πυνθάνομαι</em></strong></span> 
     </span>
     <span class='ocr_line' id='line_1_14' title="bbox 305 2578 1547 2669; baseline 0.002 -26"><span class='ocrx_word' id='word_1_133' title='bbox 305 2578 383 2644; x_wconf 68' lang='grc' dir='ltr'><strong><em>καὶ</em></strong></span> <span class='ocrx_word' id='word_1_134' title='bbox 403 2579 533 2666; x_wconf 87' lang='grc' dir='ltr'><strong><em>ἐρωτῶ</em></strong></span> <span class='ocrx_word' id='word_1_135' title='bbox 556 2578 612 2646; x_wconf 81' lang='grc' dir='ltr'><strong><em>καὶ</em></strong></span> <span class='ocrx_word' id='word_1_136' title='bbox 635 2583 735 2665; x_wconf 80' lang='grc' dir='ltr'><strong><em>χάριν</em></strong></span> <span class='ocrx_word' id='word_1_137' title='bbox 757 2583 885 2664; x_wconf 73' lang='grc' dir='ltr'><strong><em>πολλὴν</em></strong></span> <span class='ocrx_word' id='word_1_138' title='bbox 907 2585 970 2666; x_wconf 82' lang='grc' dir='ltr'><strong><em>ἐχω</em></strong></span> <span class='ocrx_word' id='word_1_139' title='bbox 994 2590 1040 2669; x_wconf 79' lang='grc' dir='ltr'><strong><em>τῷ</em></strong></span> <span class='ocrx_word' id='word_1_140' title='bbox 1059 2581 1322 2669; x_wconf 79' lang='grc' dir='ltr'><strong><em>ἀποκρινομένῳ,</em></strong></span> <span class='ocrx_word' id='word_1_141' title='bbox 1347 2604 1484 2666; x_wconf 86' lang='lat' dir='ltr'><strong>quorum</strong></span> <span class='ocrx_word' id='word_1_142' title='bbox 1503 2581 1547 2645; x_wconf 84' lang='lat' dir='ltr'><strong>el·</strong></span> 
     </span>
     <span class='ocr_line' id='line_1_15' title="bbox 306 2679 1547 2773; baseline -0.001 -20"><span class='ocrx_word' id='word_1_143' title='bbox 306 2679 420 2753; x_wconf 56' lang='lat' dir='ltr'><strong>terum</strong></span> <span class='ocrx_word' id='word_1_144' title='bbox 442 2692 552 2752; x_wconf 79' lang='lat' dir='ltr'><strong>utinm</strong></span> <span class='ocrx_word' id='word_1_145' title='bbox 576 2688 655 2753; x_wconf 74' lang='lat' dir='ltr'><strong>sctis</strong></span> <span class='ocrx_word' id='word_1_146' title='bbox 678 2692 759 2770; x_wconf 77' lang='lat' dir='ltr'><strong>eret,</strong></span> <span class='ocrx_word' id='word_1_147' title='bbox 786 2689 843 2753; x_wconf 93' lang='lat' dir='ltr'><strong><em>sed</em></strong></span> <span class='ocrx_word' id='word_1_148' title='bbox 865 2693 903 2753; x_wconf 90' lang='lat' dir='ltr'><strong><em>nt</em></strong></span> <span class='ocrx_word' id='word_1_149' title='bbox 926 2693 1002 2753; x_wconf 87' lang='lat' dir='ltr'><strong>sunt</strong></span> <span class='ocrx_word' id='word_1_150' title='bbox 1025 2710 1100 2753; x_wconf 82' lang='lat' dir='ltr'><strong>sane</strong></span> <span class='ocrx_word' id='word_1_151' title='bbox 1124 2689 1224 2773; x_wconf 88' lang='lat' dir='ltr'><strong>probe</strong></span> <span class='ocrx_word' id='word_1_152' title='bbox 1247 2688 1397 2773; x_wconf 83' lang='lat' dir='ltr'><strong>copulate</strong></span> <span class='ocrx_word' id='word_1_153' title='bbox 1420 2689 1466 2753; x_wconf 84' lang='lat' dir='ltr'><strong><em>its</em></strong></span> <span class='ocrx_word' id='word_1_154' title='bbox 1489 2689 1547 2752; x_wconf 91' lang='lat' dir='ltr'><strong>cri·</strong></span> 
     </span>
     <span class='ocr_line' id='line_1_16' title="bbox 309 2785 856 2878; baseline 0.002 -20"><span class='ocrx_word' id='word_1_155' title='bbox 309 2785 453 2860; x_wconf 65' lang='lat' dir='ltr'><strong>ficorum</strong></span> <span class='ocrx_word' id='word_1_156' title='bbox 477 2795 663 2878; x_wconf 74' lang='lat' dir='ltr'><strong>superbiam</strong></span> <span class='ocrx_word' id='word_1_157' title='bbox 686 2795 856 2860; x_wconf 72' lang='lat' dir='ltr'><strong>evitarunt.</strong></span> 
     </span>
    </p>

    <p class='ocr_par' dir='ltr' id='par_1_3' title="bbox 316 2900 1589 3522">
     <span class='ocr_line' id='line_1_17' title="bbox 405 2900 1547 2987; baseline 0.002 -22"><span class='ocrx_word' id='word_1_158' title='bbox 405 2900 553 2966; x_wconf 84' lang='lat' dir='ltr'><strong>Alterum</strong></span> <span class='ocrx_word' id='word_1_159' title='bbox 575 2922 635 2986; x_wconf 82' lang='lat' dir='ltr'><strong><em>per</em></strong></span> <span class='ocrx_word' id='word_1_160' title='bbox 657 2906 867 2987; x_wconf 77' lang='lat' dir='ltr'><strong>cognotorum</strong></span> <span class='ocrx_word' id='word_1_161' title='bbox 891 2901 1061 2967; x_wconf 87' lang='lat' dir='ltr'><strong>verborum</strong></span> <span class='ocrx_word' id='word_1_162' title='bbox 1085 2905 1135 2966; x_wconf 87' lang='lat' dir='ltr'><strong><em>est</em></strong></span> <span class='ocrx_word' id='word_1_163' title='bbox 1158 2902 1354 2987; x_wconf 79' lang='grc' dir='ltr'><strong><em>ἐργάζεσθαι</em></strong></span> <span class='ocrx_word' id='word_1_164' title='bbox 1378 2907 1409 2967; x_wconf 91' lang='lat' dir='ltr'><strong>et</strong></span> <span class='ocrx_word' id='word_1_165' title='bbox 1427 2912 1547 2985; x_wconf 88' lang='grc' dir='ltr'><strong><em>ποιεῖν,</em></strong></span> 
     </span>
     <span class='ocr_line' id='line_1_18' title="bbox 316 3007 1548 3094; baseline 0.001 -23"><span class='ocrx_word' id='word_1_166' title='bbox 316 3018 402 3084; x_wconf 79' lang='lat' dir='ltr'><strong>quse</strong></span> <span class='ocrx_word' id='word_1_167' title='bbox 427 3007 557 3092; x_wconf 89' lang='lat' dir='ltr'><strong>quidem</strong></span> <span class='ocrx_word' id='word_1_168' title='bbox 586 3008 664 3092; x_wconf 91' lang='lat' dir='ltr'><strong>quid</strong></span> <span class='ocrx_word' id='word_1_169' title='bbox 689 3008 839 3074; x_wconf 78' lang='lat' dir='ltr'><strong>differant</strong></span> <span class='ocrx_word' id='word_1_170' title='bbox 861 3007 999 3093; x_wconf 78' lang='lat' dir='ltr'><strong>Hippias</strong></span> <span class='ocrx_word' id='word_1_171' title='bbox 1022 3010 1128 3074; x_wconf 89' lang='lat' dir='ltr'><strong>minor</strong></span> <span class='ocrx_word' id='word_1_172' title='bbox 1150 3009 1224 3073; x_wconf 90' lang='lat' dir='ltr'><strong>inde</strong></span> <span class='ocrx_word' id='word_1_173' title='bbox 1248 3032 1267 3073; x_wconf 83' lang='grc' dir='ltr'><strong><em>ο</em></strong></span> <span class='ocrx_word' id='word_1_174' title='bbox 1289 3032 1319 3094; x_wconf 93' lang='lat' dir='ltr'><strong><em>p.</em></strong></span> <span class='ocrx_word' id='word_1_175' title='bbox 1338 3010 1381 3073; x_wconf 90' lang='grc'><strong><em>48</em></strong></span> <span class='ocrx_word' id='word_1_176' title='bbox 1406 3009 1548 3093; x_wconf 78' lang='lat' dir='ltr'><strong>exponit,</strong></span> 
     </span>
     <span class='ocr_line' id='line_1_19' title="bbox 316 3111 1549 3202; baseline 0.002 -25"><span class='ocrx_word' id='word_1_177' title='bbox 316 3111 379 3177; x_wconf 64' lang='lat' dir='ltr'><strong><em>flod</em></strong></span> <span class='ocrx_word' id='word_1_178' title='bbox 397 3118 501 3180; x_wconf 73' lang='lat' dir='ltr'><strong>temen</strong></span> <span class='ocrx_word' id='word_1_179' title='bbox 524 3137 562 3179; x_wconf 84' lang='lat' dir='ltr'><strong><em>ee</em></strong></span> <span class='ocrx_word' id='word_1_180' title='bbox 585 3114 682 3180; x_wconf 81' lang='lat' dir='ltr'><strong>verbs</strong></span> <span class='ocrx_word' id='word_1_181' title='bbox 706 3116 857 3200; x_wconf 81' lang='lat' dir='ltr'><strong>qnoniam</strong></span> <span class='ocrx_word' id='word_1_182' title='bbox 881 3117 1063 3199; x_wconf 84' lang='grc' dir='ltr'><strong><em>συνώνυμα</em></strong></span> <span class='ocrx_word' id='word_1_183' title='bbox 1087 3120 1163 3180; x_wconf 91' lang='lat' dir='ltr'><strong>sunt</strong></span> <span class='ocrx_word' id='word_1_184' title='bbox 1185 3119 1218 3180; x_wconf 89' lang='lat' dir='ltr'><strong>et</strong></span> <span class='ocrx_word' id='word_1_185' title='bbox 1240 3118 1273 3180; x_wconf 94' lang='lat' dir='ltr'><strong>in</strong></span> <span class='ocrx_word' id='word_1_186' title='bbox 1291 3115 1348 3181; x_wconf 91' lang='lat' dir='ltr'><strong>illo</strong></span> <span class='ocrx_word' id='word_1_187' title='bbox 1368 3117 1497 3202; x_wconf 82' lang='lat' dir='ltr'>dialogo</span> <span class='ocrx_word' id='word_1_188' title='bbox 1517 3120 1549 3180; x_wconf 91' lang='lat' dir='ltr'><strong>et</strong></span> 
     </span>
     <span class='ocr_line' id='line_1_20' title="bbox 317 3214 1548 3308; baseline 0.002 -25"><span class='ocrx_word' id='word_1_189' title='bbox 317 3214 397 3285; x_wconf 70' lang='lat' dir='ltr'><strong>tlibi</strong></span> <span class='ocrx_word' id='word_1_190' title='bbox 421 3243 517 3308; x_wconf 81' lang='lat' dir='ltr'><strong>ssepe</strong></span> <span class='ocrx_word' id='word_1_191' title='bbox 544 3221 634 3289; x_wconf 90' lang='lat' dir='ltr'><strong>nullo</strong></span> <span class='ocrx_word' id='word_1_192' title='bbox 661 3243 735 3287; x_wconf 88' lang='lat' dir='ltr'><strong><em>cnm</em></strong></span> <span class='ocrx_word' id='word_1_193' title='bbox 758 3223 941 3287; x_wconf 82' lang='lat' dir='ltr'><strong>discrimine</strong></span> <span class='ocrx_word' id='word_1_194' title='bbox 964 3224 1043 3308; x_wconf 94' lang='lat' dir='ltr'><strong>poni</strong></span> <span class='ocrx_word' id='word_1_195' title='bbox 1066 3228 1098 3288; x_wconf 92' lang='lat' dir='ltr'><strong>et</strong></span> <span class='ocrx_word' id='word_1_196' title='bbox 1121 3225 1205 3288; x_wconf 86' lang='lat' dir='ltr'><strong>inter</strong></span> <span class='ocrx_word' id='word_1_197' title='bbox 1228 3246 1261 3288; x_wconf 89' lang='lat' dir='ltr'><strong><em>se</em></strong></span> <span class='ocrx_word' id='word_1_198' title='bbox 1283 3223 1410 3287; x_wconf 82' lang='lat' dir='ltr'><strong>misceri</strong></span> <span class='ocrx_word' id='word_1_199' title='bbox 1433 3224 1548 3306; x_wconf 81' lang='lat' dir='ltr'><strong>solent,</strong></span> 
     </span>
     <span class='ocr_line' id='line_1_21' title="bbox 318 3327 1589 3416; baseline 0.004 -25"><span class='ocrx_word' id='word_1_200' title='bbox 318 3327 408 3393; x_wconf 81' lang='lat' dir='ltr'><strong>velut</strong></span> <span class='ocrx_word' id='word_1_201' title='bbox 437 3333 475 3395; x_wconf 83' lang='lat' dir='ltr'><strong><em>nt</em></strong></span> <span class='ocrx_word' id='word_1_202' title='bbox 504 3352 608 3416; x_wconf 80' lang='lat' dir='ltr'><strong>peuce</strong></span> <span class='ocrx_word' id='word_1_203' title='bbox 639 3329 823 3413; x_wconf 75' lang='lat' dir='ltr'><strong>efferamus,</strong></span> <span class='ocrx_word' id='word_1_204' title='bbox 855 3354 885 3415; x_wconf 91' lang='lat' dir='ltr'><strong><em>p.</em></strong></span> <span class='ocrx_word' id='word_1_205' title='bbox 913 3330 1016 3416; x_wconf 83' lang='lat'><strong>46,9</strong></span> <span class='ocrx_word' id='word_1_206' title='bbox 1047 3331 1080 3396; x_wconf 84' lang='lat' dir='ltr'><strong>oi</strong></span> <span class='ocrx_word' id='word_1_207' title='bbox 1112 3329 1241 3407; x_wconf 82' lang='grc' dir='ltr'><strong><em>ἑκόντες</em></strong></span> <span class='ocrx_word' id='word_1_208' title='bbox 1268 3329 1462 3408; x_wconf 80' lang='grc' dir='ltr'><strong><em>ἀδικοῦντες</em></strong></span> <span class='ocrx_word' id='word_1_209' title='bbox 1493 3329 1548 3396; x_wconf 82' lang='grc' dir='ltr'><strong><em>καὶ</em></strong></span> <span class='ocrx_word' id='word_1_210' title='bbox 1562 3347 1589 3385; x_wconf 71' lang='lat'><strong><em>2⁰</em></strong></span> 
     </span>
     <span class='ocr_line' id='line_1_22' title="bbox 321 3424 1549 3522; baseline 0.002 -20"><span class='ocrx_word' id='word_1_211' title='bbox 321 3424 447 3515; x_wconf 54' lang='grc' dir='ltr'><strong><em>ἑκόντες</em></strong></span> <span class='ocrx_word' id='word_1_212' title='bbox 464 3436 761 3522; x_wconf 76' lang='grc' dir='ltr'><strong><em>ἐπιβουλεύσαντες</em></strong></span> <span class='ocrx_word' id='word_1_213' title='bbox 778 3436 834 3503; x_wconf 86' lang='grc' dir='ltr'><strong><em>καὶ</em></strong></span> <span class='ocrx_word' id='word_1_214' title='bbox 852 3439 949 3503; x_wconf 84' lang='grc' dir='ltr'><strong><em>κακά</em></strong></span> <span class='ocrx_word' id='word_1_215' title='bbox 969 3438 1230 3522; x_wconf 84' lang='grc' dir='ltr'><strong><em>ἐργασάμενοι</em></strong></span> <span class='ocrx_word' id='word_1_216' title='bbox 1249 3439 1401 3520; x_wconf 75' lang='grc' dir='ltr'><strong><em>βελτίους</em></strong></span> <span class='ocrx_word' id='word_1_217' title='bbox 1420 3437 1463 3502; x_wconf 85' lang='grc' dir='ltr'><strong><em>ἀν</em></strong></span> <span class='ocrx_word' id='word_1_218' title='bbox 1481 3432 1549 3504; x_wconf 81' lang='grc' dir='ltr'><strong><em>εἷεν</em></strong></span> 
     </span>
    </p>

    <p class='ocr_par' dir='ltr' id='par_1_4' title="bbox 245 3534 1590 4806">
     <span class='ocr_line' id='line_1_23' title="bbox 245 3534 1549 3630; baseline 0.003 -24"><span class='ocrx_word' id='word_1_219' title='bbox 245 3613 246 3618; x_wconf 8' lang='grc' dir='ltr'>ἵ</span> <span class='ocrx_word' id='word_1_220' title='bbox 321 3549 390 3606; x_wconf 71' lang='grc' dir='ltr'><strong><em>τῶν</em></strong></span> <span class='ocrx_word' id='word_1_221' title='bbox 413 3543 562 3611; x_wconf 77' lang='grc' dir='ltr'><strong><em>ἀκόντων</em></strong></span> <span class='ocrx_word' id='word_1_222' title='bbox 589 3534 640 3622; x_wconf 72' lang='grc' dir='ltr'><strong><em>οἷς</em></strong></span> <span class='ocrx_word' id='word_1_223' title='bbox 666 3547 773 3629; x_wconf 78' lang='grc' dir='ltr'><strong><em>πολλὴ</em></strong></span> <span class='ocrx_word' id='word_1_224' title='bbox 802 3546 893 3611; x_wconf 84' lang='grc' dir='ltr'><strong><em>δοκεῖ</em></strong></span> <span class='ocrx_word' id='word_1_225' title='bbox 916 3547 1096 3629; x_wconf 84' lang='grc' dir='ltr'><strong><em>συγγνώμη</em></strong></span> <span class='ocrx_word' id='word_1_226' title='bbox 1120 3540 1205 3610; x_wconf 82' lang='grc' dir='ltr'><strong><em>εἶναι</em></strong></span> <span class='ocrx_word' id='word_1_227' title='bbox 1230 3544 1289 3609; x_wconf 85' lang='grc' dir='ltr'><strong><em>ἐὰν</em></strong></span> <span class='ocrx_word' id='word_1_228' title='bbox 1311 3546 1355 3630; x_wconf 79' lang='grc' dir='ltr'><strong><em>μὴ</em></strong></span> <span class='ocrx_word' id='word_1_229' title='bbox 1379 3546 1476 3622; x_wconf 81' lang='grc' dir='ltr'><strong><em>εἰδώς</em></strong></span> <span class='ocrx_word' id='word_1_230' title='bbox 1499 3570 1549 3622; x_wconf 89' lang='grc' dir='ltr'><strong><em>τις</em></strong></span> 
     </span>
     <span class='ocr_line' id='line_1_24' title="bbox 323 3639 1549 3738; baseline -0.002 -20"><span class='ocrx_word' id='word_1_231' title='bbox 323 3639 457 3738; x_wconf 55' lang='lat' dir='ltr'><strong><em>&amp;dudan</em></strong></span> <span class='ocrx_word' id='word_1_232' title='bbox 488 3651 509 3737; x_wconf 74' lang='grc' dir='ltr'><em>ἢ</em></span> <span class='ocrx_word' id='word_1_233' title='bbox 538 3653 699 3736; x_wconf 67' lang='grc' dir='ltr'><strong><em>ψεύσηται</em></strong></span> <span class='ocrx_word' id='word_1_234' title='bbox 732 3651 753 3735; x_wconf 81' lang='grc' dir='ltr'>ἢ</span> <span class='ocrx_word' id='word_1_235' title='bbox 780 3653 877 3718; x_wconf 80' lang='grc' dir='ltr'><strong><em>ἀλλο</em></strong></span> <span class='ocrx_word' id='word_1_236' title='bbox 905 3676 941 3717; x_wconf 92' lang='grc' dir='ltr'><strong><em>τι</em></strong></span> <span class='ocrx_word' id='word_1_237' title='bbox 961 3654 1090 3732; x_wconf 73' lang='grc' dir='ltr'><strong><em>κακὸν</em></strong></span> <span class='ocrx_word' id='word_1_238' title='bbox 1116 3654 1275 3737; x_wconf 72' lang='grc' dir='ltr'><strong><em>ποιήσῃς</em></strong></span> <span class='ocrx_word' id='word_1_239' title='bbox 1307 3650 1362 3717; x_wconf 79' lang='grc' dir='ltr'><strong><em>καὶ</em></strong></span> <span class='ocrx_word' id='word_1_240' title='bbox 1391 3654 1422 3717; x_wconf 77' lang='grc' dir='ltr'><strong><em>οἱ</em></strong></span> <span class='ocrx_word' id='word_1_241' title='bbox 1451 3654 1549 3736; x_wconf 88' lang='grc' dir='ltr'><strong><em>νόμοι</em></strong></span> 
     </span>
     <span class='ocr_line' id='line_1_25' title="bbox 323 3758 1548 3844; baseline 0.002 -24"><span class='ocrx_word' id='word_1_242' title='bbox 323 3759 407 3822; x_wconf 69' lang='lat' dir='ltr'><strong>zoio</strong></span> <span class='ocrx_word' id='word_1_243' title='bbox 423 3760 646 3844; x_wconf 72' lang='grc' dir='ltr'><strong><em>χαλεπώτεροί</em></strong></span> <span class='ocrx_word' id='word_1_244' title='bbox 662 3761 726 3824; x_wconf 79' lang='grc' dir='ltr'><strong><em>εἰσι</em></strong></span> <span class='ocrx_word' id='word_1_245' title='bbox 744 3769 815 3835; x_wconf 84' lang='grc' dir='ltr'><strong><em>τοῖς</em></strong></span> <span class='ocrx_word' id='word_1_246' title='bbox 833 3758 947 3825; x_wconf 77' lang='grc' dir='ltr'><strong><em>ἑκοῦσι</em></strong></span> <span class='ocrx_word' id='word_1_247' title='bbox 965 3762 1062 3824; x_wconf 86' lang='grc' dir='ltr'><strong><em>κακά</em></strong></span> <span class='ocrx_word' id='word_1_248' title='bbox 1081 3758 1359 3844; x_wconf 81' lang='grc' dir='ltr'><strong><em>ἐργαζομένοις</em></strong></span> <span class='ocrx_word' id='word_1_249' title='bbox 1373 3763 1406 3823; x_wconf 91' lang='lat' dir='ltr'><strong>et</strong></span> <span class='ocrx_word' id='word_1_250' title='bbox 1419 3783 1450 3844; x_wconf 95' lang='lat' dir='ltr'><strong><em>p.</em></strong></span> <span class='ocrx_word' id='word_1_251' title='bbox 1465 3759 1548 3843; x_wconf 78' lang='lat'><strong>47,8</strong></span> 
     </span>
     <span class='ocr_line' id='line_1_26' title="bbox 324 3852 1550 3949; baseline 0.002 -21"><span class='ocrx_word' id='word_1_252' title='bbox 324 3852 405 3928; x_wconf 68' lang='grc' dir='ltr'><strong><em>ὅστε</em></strong></span> <span class='ocrx_word' id='word_1_253' title='bbox 420 3866 725 3948; x_wconf 77' lang='grc' dir='ltr'><strong><em>φαίνεσθαι..τοὺς</em></strong></span> <span class='ocrx_word' id='word_1_254' title='bbox 739 3867 880 3942; x_wconf 80' lang='grc' dir='ltr'><strong><em>ἄκοντας</em></strong></span> <span class='ocrx_word' id='word_1_255' title='bbox 893 3866 1045 3931; x_wconf 88' lang='grc' dir='ltr'><strong><em>τούτων</em></strong></span> <span class='ocrx_word' id='word_1_256' title='bbox 1058 3864 1203 3931; x_wconf 81' lang='grc' dir='ltr'><strong><em>ἕκαστα</em></strong></span> <span class='ocrx_word' id='word_1_257' title='bbox 1215 3875 1433 3942; x_wconf 85' lang='grc' dir='ltr'><strong><em>ποιοῦντας</em></strong></span> <span class='ocrx_word' id='word_1_258' title='bbox 1448 3888 1550 3949; x_wconf 88' lang='grc' dir='ltr'><strong><em>πονη-</em></strong></span> 
     </span>
     <span class='ocr_line' id='line_1_27' title="bbox 324 3969 1550 4057; baseline -0.002 -18"><span class='ocrx_word' id='word_1_259' title='bbox 324 3969 489 4055; x_wconf 70' lang='grc' dir='ltr'><strong><em>θῦτὲρονςς</em></strong></span> <span class='ocrx_word' id='word_1_260' title='bbox 507 3971 548 4036; x_wconf 82' lang='lat' dir='ltr'><strong><em>cf.</em></strong></span> <span class='ocrx_word' id='word_1_261' title='bbox 562 3971 638 4036; x_wconf 91' lang='lat' dir='ltr'><strong>ibid.</strong></span> <span class='ocrx_word' id='word_1_262' title='bbox 656 3973 711 4056; x_wconf 81' lang='lat'><strong><em>113</em></strong></span> <span class='ocrx_word' id='word_1_263' title='bbox 727 3994 755 4056; x_wconf 93' lang='lat' dir='ltr'><strong><em>p.</em></strong></span> <span class='ocrx_word' id='word_1_264' title='bbox 769 3972 824 4055; x_wconf 80' lang='lat'><strong><em>52,</em></strong></span> <span class='ocrx_word' id='word_1_265' title='bbox 841 3971 863 4036; x_wconf 83' lang='lat'>5</span> <span class='ocrx_word' id='word_1_266' title='bbox 877 3971 1050 4057; x_wconf 86' lang='grc' dir='ltr'><strong><em>ἀμφότερα</em></strong></span> <span class='ocrx_word' id='word_1_267' title='bbox 1062 3978 1190 4057; x_wconf 78' lang='grc' dir='ltr'><strong><em>μᾶλλον</em></strong></span> <span class='ocrx_word' id='word_1_268' title='bbox 1205 3972 1403 4056; x_wconf 81' lang='grc' dir='ltr'><strong><em>δυναμένη</em></strong></span> <span class='ocrx_word' id='word_1_269' title='bbox 1419 3984 1550 4038; x_wconf 84' lang='grc' dir='ltr'><strong><em>ποιεῖν</em></strong></span> 
     </span>
     <span class='ocr_line' id='line_1_28' title="bbox 323 4072 1550 4164; baseline 0.003 -25"><span class='ocrx_word' id='word_1_270' title='bbox 323 4072 383 4138; x_wconf 58' lang='grc' dir='ltr'><strong><em>ἀἱ</em></strong></span> <span class='ocrx_word' id='word_1_271' title='bbox 397 4079 432 4143; x_wconf 87' lang='grc' dir='ltr'><strong><em>τά</em></strong></span> <span class='ocrx_word' id='word_1_272' title='bbox 448 4080 532 4144; x_wconf 77' lang='grc' dir='ltr'><strong><em>καλά</em></strong></span> <span class='ocrx_word' id='word_1_273' title='bbox 549 4077 605 4144; x_wconf 71' lang='grc' dir='ltr'><strong><em>καὶ</em></strong></span> <span class='ocrx_word' id='word_1_274' title='bbox 623 4080 663 4143; x_wconf 85' lang='grc' dir='ltr'><strong><em>τά</em></strong></span> <span class='ocrx_word' id='word_1_275' title='bbox 682 4081 802 4164; x_wconf 78' lang='grc' dir='ltr'><strong><em>αἰσχρὰ</em></strong></span> <span class='ocrx_word' id='word_1_276' title='bbox 817 4077 893 4163; x_wconf 81' lang='grc' dir='ltr'><strong><em>περὶ</em></strong></span> <span class='ocrx_word' id='word_1_277' title='bbox 907 4089 1018 4144; x_wconf 89' lang='grc' dir='ltr'><strong><em>πᾶσαν</em></strong></span> <span class='ocrx_word' id='word_1_278' title='bbox 1032 4078 1191 4164; x_wconf 85' lang='grc' dir='ltr'><strong><em>ἐργασίαν</em></strong></span> <span class='ocrx_word' id='word_1_279' title='bbox 1206 4129 1230 4144; x_wconf 90' lang='grc'><strong><em>..</em></strong></span> <span class='ocrx_word' id='word_1_280' title='bbox 1245 4079 1265 4143; x_wconf 88' lang='grc'>8</span> <span class='ocrx_word' id='word_1_281' title='bbox 1281 4080 1362 4145; x_wconf 87' lang='grc' dir='ltr'><strong><em>ὅταν</em></strong></span> <span class='ocrx_word' id='word_1_282' title='bbox 1375 4081 1415 4143; x_wconf 84' lang='grc' dir='ltr'><strong><em>τά</em></strong></span> <span class='ocrx_word' id='word_1_283' title='bbox 1430 4080 1550 4163; x_wconf 79' lang='grc' dir='ltr'><strong><em>αἰσχρὰ</em></strong></span> 
     </span>
     <span class='ocr_line' id='line_1_29' title="bbox 322 4166 1550 4271; baseline 0.001 -22"><span class='ocrx_word' id='word_1_284' title='bbox 322 4166 542 4269; x_wconf 59' lang='grc' dir='ltr'><strong><em>δογάξηται,</em></strong></span> <span class='ocrx_word' id='word_1_285' title='bbox 561 4183 683 4251; x_wconf 82' lang='grc' dir='ltr'><strong><em>ἑκοῦσα</em></strong></span> <span class='ocrx_word' id='word_1_286' title='bbox 701 4184 949 4269; x_wconf 83' lang='grc' dir='ltr'><strong><em>ἐργάζεται..</em></strong></span> <span class='ocrx_word' id='word_1_287' title='bbox 966 4186 1008 4249; x_wconf 90' lang='grc'><strong><em>12</em></strong></span> <span class='ocrx_word' id='word_1_288' title='bbox 1026 4187 1064 4250; x_wconf 92' lang='grc' dir='ltr'><strong><em>τὸ</em></strong></span> <span class='ocrx_word' id='word_1_289' title='bbox 1083 4184 1145 4271; x_wconf 74' lang='grc' dir='ltr'><strong><em>μὲν</em></strong></span> <span class='ocrx_word' id='word_1_290' title='bbox 1163 4186 1292 4251; x_wconf 80' lang='grc' dir='ltr'><strong><em>ἀδικεῖν</em></strong></span> <span class='ocrx_word' id='word_1_291' title='bbox 1306 4186 1403 4250; x_wconf 87' lang='grc' dir='ltr'><strong><em>κακὰ</em></strong></span> <span class='ocrx_word' id='word_1_292' title='bbox 1417 4198 1550 4251; x_wconf 87' lang='grc' dir='ltr'><strong><em>ποιεῖν</em></strong></span> 
     </span>
     <span class='ocr_line' id='line_1_30' title="bbox 322 4274 1549 4378; baseline 0.005 -27"><span class='ocrx_word' id='word_1_293' title='bbox 322 4274 422 4372; x_wconf 59' lang='grc' dir='ltr'><strong><em>ἐστιν,</em></strong></span> <span class='ocrx_word' id='word_1_294' title='bbox 438 4294 471 4356; x_wconf 87' lang='lat' dir='ltr'><strong>et</strong></span> <span class='ocrx_word' id='word_1_295' title='bbox 489 4292 525 4356; x_wconf 89' lang='lat' dir='ltr'><strong>in</strong></span> <span class='ocrx_word' id='word_1_296' title='bbox 542 4289 665 4378; x_wconf 80' lang='lat' dir='ltr'><strong>Hippin</strong></span> <span class='ocrx_word' id='word_1_297' title='bbox 683 4293 804 4357; x_wconf 74' lang='lat' dir='ltr'><strong>maiore</strong></span> <span class='ocrx_word' id='word_1_298' title='bbox 816 4316 848 4378; x_wconf 94' lang='lat' dir='ltr'><strong><em>p.</em></strong></span> <span class='ocrx_word' id='word_1_299' title='bbox 863 4292 916 4376; x_wconf 91' lang='grc'><strong><em>22,</em></strong></span> <span class='ocrx_word' id='word_1_300' title='bbox 931 4291 973 4356; x_wconf 93' lang='grc'><strong>13</strong></span> <span class='ocrx_word' id='word_1_301' title='bbox 993 4291 1046 4358; x_wconf 83' lang='grc' dir='ltr'><strong><em>ἐπὶ</em></strong></span> <span class='ocrx_word' id='word_1_302' title='bbox 1064 4294 1102 4358; x_wconf 92' lang='grc' dir='ltr'><strong><em>τὸ</em></strong></span> <span class='ocrx_word' id='word_1_303' title='bbox 1120 4295 1241 4358; x_wconf 91' lang='grc' dir='ltr'><strong><em>κακόν</em></strong></span> <span class='ocrx_word' id='word_1_304' title='bbox 1258 4318 1294 4357; x_wconf 90' lang='grc' dir='ltr'><strong><em>τι</em></strong></span> <span class='ocrx_word' id='word_1_305' title='bbox 1313 4291 1549 4378; x_wconf 83' lang='grc' dir='ltr'><strong><em>ἐργάζεσθαι</em></strong></span> 
     </span>
     <span class='ocr_line' id='line_1_31' title="bbox 317 4396 1590 4483; baseline 0 -20"><span class='ocrx_word' id='word_1_306' title='bbox 317 4396 462 4482; x_wconf 69' lang='grc' dir='ltr'><strong><em>Ζοήσιμα</em></strong></span> <span class='ocrx_word' id='word_1_307' title='bbox 483 4447 519 4464; x_wconf 93' lang='grc'><strong><em>..</em></strong></span> <span class='ocrx_word' id='word_1_308' title='bbox 546 4398 590 4463; x_wconf 89' lang='grc'><strong><em>23</em></strong></span> <span class='ocrx_word' id='word_1_309' title='bbox 617 4400 655 4463; x_wconf 86' lang='grc' dir='ltr'><strong><em>τὸ</em></strong></span> <span class='ocrx_word' id='word_1_310' title='bbox 682 4402 845 4483; x_wconf 76' lang='grc' dir='ltr'><strong><em>χρήσιμόν</em></strong></span> <span class='ocrx_word' id='word_1_311' title='bbox 871 4422 906 4464; x_wconf 88' lang='grc' dir='ltr'><strong><em>τε</em></strong></span> <span class='ocrx_word' id='word_1_312' title='bbox 933 4398 990 4464; x_wconf 81' lang='grc' dir='ltr'><strong><em>καὶ</em></strong></span> <span class='ocrx_word' id='word_1_313' title='bbox 1017 4401 1054 4465; x_wconf 89' lang='grc' dir='ltr'><strong><em>τὸ</em></strong></span> <span class='ocrx_word' id='word_1_314' title='bbox 1083 4400 1229 4465; x_wconf 89' lang='grc' dir='ltr'><strong><em>δυνατὸν</em></strong></span> <span class='ocrx_word' id='word_1_315' title='bbox 1256 4398 1308 4464; x_wconf 79' lang='grc' dir='ltr'><strong><em>ἐπὶ</em></strong></span> <span class='ocrx_word' id='word_1_316' title='bbox 1334 4401 1371 4465; x_wconf 88' lang='grc' dir='ltr'><strong><em>τὸ</em></strong></span> <span class='ocrx_word' id='word_1_317' title='bbox 1395 4399 1590 4483; x_wconf 71' lang='grc' dir='ltr'><strong><em>άγαθόνιο</em></strong></span> 
     </span>
     <span class='ocr_line' id='line_1_32' title="bbox 317 4504 1551 4593; baseline 0.005 -26"><span class='ocrx_word' id='word_1_318' title='bbox 317 4507 371 4559; x_wconf 59' lang='grc' dir='ltr'><strong><em>τι</em></strong></span> <span class='ocrx_word' id='word_1_319' title='bbox 387 4516 541 4591; x_wconf 75' lang='grc' dir='ltr'><strong><em>ποιησαι</em></strong></span> <span class='ocrx_word' id='word_1_320' title='bbox 560 4555 590 4571; x_wconf 92' lang='grc'><strong><em>..</em></strong></span> <span class='ocrx_word' id='word_1_321' title='bbox 613 4504 667 4571; x_wconf 80' lang='grc'><strong>35.</strong></span> <span class='ocrx_word' id='word_1_322' title='bbox 704 4505 767 4571; x_wconf 87' lang='lat' dir='ltr'><strong><em>Sed</em></strong></span> <span class='ocrx_word' id='word_1_323' title='bbox 789 4506 899 4571; x_wconf 84' lang='lat' dir='ltr'><strong>eedem</strong></span> <span class='ocrx_word' id='word_1_324' title='bbox 923 4528 1035 4571; x_wconf 87' lang='lat' dir='ltr'><strong>rursus</strong></span> <span class='ocrx_word' id='word_1_325' title='bbox 1054 4506 1202 4591; x_wconf 83' lang='lat' dir='ltr'><strong>copulate</strong></span> <span class='ocrx_word' id='word_1_326' title='bbox 1221 4507 1357 4593; x_wconf 82' lang='lat' dir='ltr'><strong>legimns</strong></span> <span class='ocrx_word' id='word_1_327' title='bbox 1376 4506 1411 4570; x_wconf 94' lang='lat' dir='ltr'><strong>in</strong></span> <span class='ocrx_word' id='word_1_328' title='bbox 1428 4506 1551 4592; x_wconf 78' lang='lat' dir='ltr'><strong>Hippia</strong></span> 
     </span>
     <span class='ocr_line' id='line_1_33' title="bbox 318 4609 1551 4700; baseline 0.005 -27"><span class='ocrx_word' id='word_1_329' title='bbox 318 4609 442 4677; x_wconf 66' lang='lat' dir='ltr'><strong>miore</strong></span> <span class='ocrx_word' id='word_1_330' title='bbox 461 4636 493 4700; x_wconf 91' lang='lat' dir='ltr'><strong><em>p.</em></strong></span> <span class='ocrx_word' id='word_1_331' title='bbox 512 4614 566 4698; x_wconf 91' lang='grc'><strong><em>21,</em></strong></span> <span class='ocrx_word' id='word_1_332' title='bbox 584 4613 629 4678; x_wconf 90' lang='grc'><strong><em>33</em></strong></span> <span class='ocrx_word' id='word_1_333' title='bbox 654 4634 728 4678; x_wconf 88' lang='lat' dir='ltr'><strong><em>cum</em></strong></span> <span class='ocrx_word' id='word_1_334' title='bbox 751 4613 830 4678; x_wconf 84' lang='lat' dir='ltr'><strong>hsce</strong></span> <span class='ocrx_word' id='word_1_335' title='bbox 852 4613 939 4678; x_wconf 82' lang='lat' dir='ltr'><strong>dicat</strong></span> <span class='ocrx_word' id='word_1_336' title='bbox 962 4612 1111 4679; x_wconf 73' lang='lat' dir='ltr'><strong>Socrates</strong></span> <span class='ocrx_word' id='word_1_337' title='bbox 1134 4615 1170 4679; x_wconf 80' lang='grc' dir='ltr'><strong><em>οἱ</em></strong></span> <span class='ocrx_word' id='word_1_338' title='bbox 1190 4609 1253 4679; x_wconf 85' lang='grc' dir='ltr'><strong><em>οὖν</em></strong></span> <span class='ocrx_word' id='word_1_339' title='bbox 1275 4612 1551 4698; x_wconf 85' lang='grc' dir='ltr'><strong><em>ἐξαμαρτάνοντες</em></strong></span> 
     </span>
     <span class='ocr_line' id='line_1_34' title="bbox 318 4709 1550 4806; baseline 0 -20"><span class='ocrx_word' id='word_1_340' title='bbox 318 4709 386 4777; x_wconf 67' lang='lat'><strong><em>²²2</em></strong></span> <span class='ocrx_word' id='word_1_341' title='bbox 409 4721 489 4786; x_wconf 77' lang='grc' dir='ltr'><strong><em>κατὰ</em></strong></span> <span class='ocrx_word' id='word_1_342' title='bbox 520 4718 782 4806; x_wconf 76' lang='grc' dir='ltr'><strong><em>ἐργαζόμενοί</em></strong></span> <span class='ocrx_word' id='word_1_343' title='bbox 809 4743 849 4786; x_wconf 90' lang='grc' dir='ltr'><strong><em>τε</em></strong></span> <span class='ocrx_word' id='word_1_344' title='bbox 881 4719 945 4785; x_wconf 82' lang='grc' dir='ltr'><strong><em>καὶ</em></strong></span> <span class='ocrx_word' id='word_1_345' title='bbox 977 4730 1188 4797; x_wconf 87' lang='grc' dir='ltr'><strong><em>ποιοῦντες</em></strong></span> <span class='ocrx_word' id='word_1_346' title='bbox 1220 4723 1373 4804; x_wconf 87' lang='grc' dir='ltr'><strong><em>ἀκοντες,</em></strong></span> <span class='ocrx_word' id='word_1_347' title='bbox 1406 4723 1486 4786; x_wconf 79' lang='grc' dir='ltr'><strong><em>ἄλλο</em></strong></span> <span class='ocrx_word' id='word_1_348' title='bbox 1517 4739 1550 4786; x_wconf 90' lang='grc' dir='ltr'><strong><em>τι</em></strong></span> 
     </span>
    </p>

    <p class='ocr_par' dir='ltr' id='par_1_5' title="bbox 245 4810 1550 4913">
     <span class='ocr_line' id='line_1_35' title="bbox 245 4810 1550 4913; baseline -0.003 -17"><span class='ocrx_word' id='word_1_349' title='bbox 245 4853 247 4896; x_wconf 71' lang='grc' dir='ltr'><strong><em>ι</em></strong></span> <span class='ocrx_word' id='word_1_350' title='bbox 322 4810 431 4908; x_wconf 69' lang='grc' dir='ltr'><strong><em>οὗτοι,</em></strong></span> <span class='ocrx_word' id='word_1_351' title='bbox 460 4830 491 4894; x_wconf 79' lang='grc' dir='ltr'><strong><em>εἰ</em></strong></span> <span class='ocrx_word' id='word_1_352' title='bbox 521 4829 567 4913; x_wconf 75' lang='grc' dir='ltr'><strong><em>με)</em></strong></span> <span class='ocrx_word' id='word_1_353' title='bbox 600 4827 762 4893; x_wconf 89' lang='grc' dir='ltr'><strong><em>ἐδύναντο</em></strong></span> <span class='ocrx_word' id='word_1_354' title='bbox 794 4837 898 4893; x_wconf 88' lang='grc' dir='ltr'><strong><em>ταῦτα</em></strong></span> <span class='ocrx_word' id='word_1_355' title='bbox 928 4838 1078 4911; x_wconf 88' lang='grc' dir='ltr'><strong><em>ποιεῖν,</em></strong></span> <span class='ocrx_word' id='word_1_356' title='bbox 1110 4828 1171 4893; x_wconf 86' lang='grc' dir='ltr'><strong><em>οὐκ</em></strong></span> <span class='ocrx_word' id='word_1_357' title='bbox 1198 4829 1241 4891; x_wconf 83' lang='grc' dir='ltr'><strong><em>ἀν</em></strong></span> <span class='ocrx_word' id='word_1_358' title='bbox 1268 4850 1347 4893; x_wconf 90' lang='grc' dir='ltr'><strong><em>ποτε</em></strong></span> <span class='ocrx_word' id='word_1_359' title='bbox 1375 4826 1550 4911; x_wconf 65' lang='lat' dir='ltr'><strong>dacione,</strong></span> 
     </span>
    </p>

    <p class='ocr_par' dir='ltr' id='par_1_6' title="bbox 245 4911 1550 5233">
     <span class='ocr_line' id='line_1_36' title="bbox 245 4911 1550 5021; baseline 0.001 -26"><span class='ocrx_word' id='word_1_360' title='bbox 245 4911 248 4996; x_wconf 78' lang='lat' dir='ltr'><strong>i</strong></span> <span class='ocrx_word' id='word_1_361' title='bbox 325 4931 464 4999; x_wconf 74' lang='lat' dir='ltr'><strong>⁰ntione</strong></span> <span class='ocrx_word' id='word_1_362' title='bbox 490 4938 567 5019; x_wconf 79' lang='lat' dir='ltr'><strong>post</strong></span> <span class='ocrx_word' id='word_1_363' title='bbox 593 4936 756 5021; x_wconf 77' lang='lat' dir='ltr'><strong>geminate</strong></span> <span class='ocrx_word' id='word_1_364' title='bbox 782 4935 880 5000; x_wconf 85' lang='lat' dir='ltr'><strong>verbs</strong></span> <span class='ocrx_word' id='word_1_365' title='bbox 907 4936 1009 5001; x_wconf 83' lang='lat' dir='ltr'><strong>altero</strong></span> <span class='ocrx_word' id='word_1_366' title='bbox 1038 4935 1140 4999; x_wconf 90' lang='lat' dir='ltr'><strong>exiis</strong></span> <span class='ocrx_word' id='word_1_367' title='bbox 1164 4934 1234 4999; x_wconf 91' lang='lat' dir='ltr'><strong>solo</strong></span> <span class='ocrx_word' id='word_1_368' title='bbox 1258 4935 1458 5016; x_wconf 79' lang='lat' dir='ltr'><strong>continuate,</strong></span> <span class='ocrx_word' id='word_1_369' title='bbox 1486 4956 1550 4997; x_wconf 94' lang='lat' dir='ltr'><strong><em>non</em></strong></span> 
     </span>
     <span class='ocr_line' id='line_1_37' title="bbox 332 5038 1550 5127; baseline 0.001 -25"><span class='ocrx_word' id='word_1_370' title='bbox 332 5038 416 5102; x_wconf 67' lang='grc' dir='ltr'><strong><em>Ι’θῦνε</em></strong></span> <span class='ocrx_word' id='word_1_371' title='bbox 436 5045 531 5126; x_wconf 74' lang='lat' dir='ltr'><strong>etque</strong></span> <span class='ocrx_word' id='word_1_372' title='bbox 554 5042 652 5107; x_wconf 79' lang='lat' dir='ltr'><strong>verbs</strong></span> <span class='ocrx_word' id='word_1_373' title='bbox 670 5063 752 5126; x_wconf 79' lang='lat' dir='ltr'><strong>quse</strong></span> <span class='ocrx_word' id='word_1_374' title='bbox 769 5063 829 5106; x_wconf 89' lang='lat' dir='ltr'><strong>nos</strong></span> <span class='ocrx_word' id='word_1_375' title='bbox 848 5042 1064 5127; x_wconf 85' lang='lat' dir='ltr'><strong>disceptemus</strong></span> <span class='ocrx_word' id='word_1_376' title='bbox 1084 5045 1231 5127; x_wconf 83' lang='grc' dir='ltr'><strong><em>χρήματα</em></strong></span> <span class='ocrx_word' id='word_1_377' title='bbox 1250 5043 1356 5107; x_wconf 80' lang='grc' dir='ltr'><strong><em>πολλὰ</em></strong></span> <span class='ocrx_word' id='word_1_378' title='bbox 1375 5042 1550 5123; x_wconf 76' lang='grc' dir='ltr'><strong><em>εἰργάσατο</em></strong></span> 
     </span>
     <span class='ocr_line' id='line_1_38' title="bbox 334 5134 1550 5233; baseline 0.001 -24"><span class='ocrx_word' id='word_1_379' title='bbox 334 5134 389 5199; x_wconf 60' lang='lat'><strong><em>²⁶1</em></strong></span> <span class='ocrx_word' id='word_1_380' title='bbox 403 5148 512 5231; x_wconf 69' lang='grc' dir='ltr'><strong><em>ἐλαβεν</em></strong></span> <span class='ocrx_word' id='word_1_381' title='bbox 530 5149 682 5233; x_wconf 87' lang='lat' dir='ltr'><strong>deinceps</strong></span> <span class='ocrx_word' id='word_1_382' title='bbox 700 5149 740 5213; x_wconf 80' lang='lat' dir='ltr'><strong>eb</strong></span> <span class='ocrx_word' id='word_1_383' title='bbox 759 5171 824 5213; x_wconf 92' lang='lat' dir='ltr'><strong><em>nno</em></strong></span> <span class='ocrx_word' id='word_1_384' title='bbox 843 5172 883 5214; x_wconf 86' lang='lat' dir='ltr'><strong>ex</strong></span> <span class='ocrx_word' id='word_1_385' title='bbox 902 5148 1028 5214; x_wconf 87' lang='lat' dir='ltr'><strong>dnobus</strong></span> <span class='ocrx_word' id='word_1_386' title='bbox 1043 5149 1248 5233; x_wconf 88' lang='lat' dir='ltr'><strong>excipiuntur</strong></span> <span class='ocrx_word' id='word_1_387' title='bbox 1261 5151 1409 5232; x_wconf 81' lang='grc' dir='ltr'><strong><em>χρηματα</em></strong></span> <span class='ocrx_word' id='word_1_388' title='bbox 1423 5144 1550 5229; x_wconf 78' lang='grc' dir='ltr'><strong><em>ἔλαβεν.</em></strong></span> 
     </span>
    </p>

    <p class='ocr_par' dir='ltr' id='par_1_7' title="bbox 343 5229 1551 5449">
     <span class='ocr_line' id='line_1_39' title="bbox 343 5229 1551 5341; baseline -0.002 -23"><span class='ocrx_word' id='word_1_389' title='bbox 343 5229 401 5310; x_wconf 58' lang='lat'><strong><em>0¹¹¹</em></strong></span> <span class='ocrx_word' id='word_1_390' title='bbox 418 5275 449 5318; x_wconf 90' lang='lat' dir='ltr'><strong>re</strong></span> <span class='ocrx_word' id='word_1_391' title='bbox 470 5255 541 5339; x_wconf 91' lang='lat' dir='ltr'><strong>hoc,</strong></span> <span class='ocrx_word' id='word_1_392' title='bbox 563 5259 723 5341; x_wconf 80' lang='lat' dir='ltr'><strong>putemus,</strong></span> <span class='ocrx_word' id='word_1_393' title='bbox 746 5254 887 5339; x_wconf 79' lang='lat' dir='ltr'><strong>docetur,</strong></span> <span class='ocrx_word' id='word_1_394' title='bbox 910 5256 1087 5321; x_wconf 78' lang='lat' dir='ltr'><strong>cavendum</strong></span> <span class='ocrx_word' id='word_1_395' title='bbox 1111 5278 1180 5320; x_wconf 89' lang='lat' dir='ltr'><strong>esse</strong></span> <span class='ocrx_word' id='word_1_396' title='bbox 1202 5278 1243 5319; x_wconf 92' lang='lat' dir='ltr'><strong>ne</strong></span> <span class='ocrx_word' id='word_1_397' title='bbox 1261 5255 1393 5318; x_wconf 82' lang='lat' dir='ltr'><strong>nimiam</strong></span> <span class='ocrx_word' id='word_1_398' title='bbox 1412 5254 1477 5316; x_wconf 78' lang='lat' dir='ltr'><strong>vim</strong></span> <span class='ocrx_word' id='word_1_399' title='bbox 1495 5254 1551 5317; x_wconf 86' lang='lat' dir='ltr'><strong>isti</strong></span> 
     </span>
     <span class='ocr_line' id='line_1_40' title="bbox 346 5356 1551 5449; baseline -0.003 -22"><span class='ocrx_word' id='word_1_400' title='bbox 346 5356 539 5427; x_wconf 69' lang='lat' dir='ltr'><strong>⁰⁰¹¹¹imilium</strong></span> <span class='ocrx_word' id='word_1_401' title='bbox 558 5362 724 5429; x_wconf 74' lang='lat' dir='ltr'><strong>iuncturae</strong></span> <span class='ocrx_word' id='word_1_402' title='bbox 740 5363 930 5449; x_wconf 76' lang='lat' dir='ltr'><strong>tribuemus,</strong></span> <span class='ocrx_word' id='word_1_403' title='bbox 951 5363 1006 5427; x_wconf 93' lang='lat' dir='ltr'><strong><em>sed</em></strong></span> <span class='ocrx_word' id='word_1_404' title='bbox 1025 5362 1109 5428; x_wconf 91' lang='lat' dir='ltr'><strong>nihil</strong></span> <span class='ocrx_word' id='word_1_405' title='bbox 1126 5367 1234 5427; x_wconf 79' lang='lat' dir='ltr'><strong>temen</strong></span> <span class='ocrx_word' id='word_1_406' title='bbox 1251 5361 1354 5446; x_wconf 84' lang='lat' dir='ltr'><strong>magis</strong></span> <span class='ocrx_word' id='word_1_407' title='bbox 1374 5382 1469 5444; x_wconf 85' lang='lat' dir='ltr'><strong>quom</strong></span> <span class='ocrx_word' id='word_1_408' title='bbox 1488 5358 1551 5424; x_wconf 90' lang='lat' dir='ltr'><strong><em>hoc</em></strong></span> 
     </span>
    </p>
   </div>
   <div class='ocr_carea' id='block_1_3' title="bbox 0 0 1997 6675">
    <p class='ocr_par' dir='ltr' id='par_1_8' title="bbox 0 0 1997 6675">
     <span class='ocr_line' id='line_1_41' title="bbox 0 0 1997 6675; baseline 0 0"><span class='ocrx_word' id='word_1_409' title='bbox 0 0 1997 6675; x_wconf 95' lang='lat' dir='ltr'><strong><em> </em></strong></span> 
     </span>
    </p>
   </div>
  </div>
 </body>
</html>
