3925 6675
491 1069 789 1122 ossnsvmorms
808 1070 976 1122 cssrrlcsr:
995 1072 1034 1122 IN
1053 1072 1252 1125 sornocms
1271 1073 1473 1125 emersam.
1534 1071 1597 1137 167

359 1253 428 1295 nna
459 1231 636 1319 tragoedia
679 1230 741 1296 Sed
773 1232 832 1296 bes
864 1231 1073 1297 difficultates
1102 1233 1205 1298 critici
1233 1235 1295 1318 ipsi
1324 1239 1486 1318 crearunt,
1518 1257 1600 1319 quse

314 1344 344 1401 ll
359 1337 473 1402 nullae
496 1341 573 1403 sunt
596 1338 787 1423 simpliciter
810 1361 848 1404 sc
873 1361 944 1403 vere
967 1338 1131 1405 iudicanti.
1173 1338 1362 1425 Impeditior
1385 1345 1434 1406 est
1457 1341 1600 1406 eiusdem

360 1466 476 1510 versus
495 1446 610 1528 exitus,
634 1467 728 1528 quem
747 1445 848 1510 codex
866 1446 1102 1511 Laurentianus
1120 1447 1167 1512 ita
1186 1449 1341 1532 scriptum
1360 1446 1492 1512 exhibet
1510 1447 1601 1526 ἄξιος

361 1557 487 1636 φιλεῖν,
510 1572 583 1616 cum
606 1552 678 1618 aliis
697 1551 862 1617 Parisinus
885 1551 976 1630 ἄξιος
994 1564 1117 1638 τυχεῖν,
1140 1553 1173 1618 id
1193 1555 1279 1638 quod
1297 1555 1485 1620 correctoris
1504 1577 1601 1619 manu

360 1659 519 1724 tralatum
538 1664 586 1724 est
605 1659 702 1723 etiarn
722 1659 755 1723 in
775 1659 1035 1725 Laurentianum.
1073 1659 1156 1725 Sunt
1176 1661 1231 1745 qui
1250 1671 1363 1745 τυχεῖν
1381 1683 1440 1746 pro
1455 1683 1531 1727 vero
1546 1662 1600 1727 ha-

362 1766 455 1850 bent;
470 1787 531 1832 nec
544 1765 769 1850 improbabilis
788 1767 914 1831 exsistit
933 1769 1047 1852 oratio,
1065 1769 1132 1832 sive
1151 1769 1197 1832 ita
1216 1769 1435 1856 interpreteris
1456 1773 1493 1833 ut
1511 1767 1602 1848 ἄξιος

359 1872 492 1937 dicutur
517 1879 653 1939 πολλῶν
680 1885 794 1957 τυχεῖν
821 1875 889 1939 sive
916 1874 957 1938 ad
984 1880 1119 1940 πολλῶν
1146 1873 1236 1953 ἄξιος
1262 1875 1459 1940 infinitivum
1487 1887 1602 1960 τυχεῖν

359 1979 466 2044 libere
480 1979 640 2045 adiectum
655 1985 787 2045 statuas.
810 1979 878 2044 Alii
892 1982 926 2045 in
941 1981 1050 2047 eedem
1065 1983 1224 2046 sententie
1233 1987 1347 2066 λαχεῖν
1355 1982 1600 2067 praeferendum

362 2092 569 2171 censuerunt,
592 2091 625 2151 et
646 2093 760 2153 notum
783 2091 832 2152 est
855 2089 935 2154 haec
953 2088 1018 2153 duo
1038 2089 1134 2152 verba
1153 2087 1268 2153 similis
1287 2089 1410 2154 formae
1429 2094 1600 2174 cognatae-

362 2215 427 2278 que
450 2194 698 2280 significetionis
721 2216 964 2280 nonnumquam
988 2197 1073 2260 inter
1095 2217 1129 2260 se
1152 2200 1333 2280 permutata
1356 2217 1425 2261 esse
1447 2198 1481 2260 in
1498 2197 1600 2280 libris,
1615 2222 1640 2263 ιο

364 2302 454 2365 velut
482 2301 518 2365 in
540 2301 689 2366 Electrae
716 2323 811 2366 versu
834 2301 900 2366 364
928 2299 982 2387 (cf.
1003 2299 1095 2389 751),
1123 2302 1178 2366 sed
1207 2303 1262 2387 qui
1290 2302 1349 2367 hos
1377 2325 1489 2368 versus
1517 2303 1597 2368 duos

360 2408 556 2493 respexerit,
578 2407 762 2494 Antigonae
785 2408 850 2474 699

626 2516 687 2598 οὐχ
711 2516 768 2599 ἥδε
792 2525 916 2600 χρυσῆς
939 2514 1014 2593 ἀξία
1036 2525 1131 2601 τιμῆς
1154 2521 1280 2601 λαχεῖν;

362 2622 474 2687 Aiacis
493 2623 561 2686 924
625 2619 650 2687 ὦ
675 2620 813 2706 δύσμορ’
838 2629 938 2705 Αἴας,
961 2613 1032 2700 οἷος
1055 2623 1103 2688 ὢν
1127 2624 1204 2701 οἵως
1227 2619 1329 2708 ἔχεις,

626 2730 670 2806 ὡς
693 2727 747 2795 καὶ
770 2728 854 2814 παρ’
876 2729 1012 2814 ἐχθροῖς
1035 2729 1126 2808 ἄξιος
1148 2733 1288 2815 θρήνων
1310 2742 1438 2816 τυχεῖν,

358 2837 456 2903 dubit
474 2838 622 2920 fortasse,
644 2860 711 2902 non
729 2858 807 2920 esse,
826 2838 853 2901 ei
872 2837 956 2901 hono
975 2838 1166 2902 sententiam
1186 2839 1359 2922 sequimur,
1378 2837 1464 2922 quod
1478 2848 1602 2922 τυχεῖν,

360 2967 446 3030 qnae
479 2945 584 3010 forma
615 2943 713 3009 hebet
743 2950 851 3008 tamen
884 2942 996 3028 scripti
1025 2942 1101 3008 libri
1131 2945 1364 3025 testimonium,
1397 2948 1540 3008 mutetur
1568 2945 1601 3008 in

359 3057 489 3136 λαχεῖν.
528 3051 592 3116 Sed
614 3052 675 3116 etsi
698 3051 898 3135 probabilem
923 3072 992 3115 esse
1015 3051 1110 3116 istem
1134 3053 1313 3116 orationem
1337 3051 1491 3136 diximus,
1519 3072 1601 3135 quse

360 3182 431 3226 non
458 3159 574 3224 leviter
601 3158 770 3223 adiuvatur
797 3158 952 3243 exemplis
981 3157 1077 3223 modo
1103 3159 1224 3241 allatis,
1251 3161 1360 3222 tamen
1384 3179 1480 3242 quam
1503 3157 1600 3222 fidem

359 3267 485 3332 hebeat
500 3265 558 3330 illa
571 3267 730 3351 scriptura
744 3265 947 3330 vehementer
961 3263 1146 3330 dubitamus
1160 3269 1330 3351 propterea
1344 3264 1430 3351 quod
1445 3264 1472 3329 si
1487 3275 1600 3351 τυχεῖν
1616 3293 1641 3332 ιο

360 3396 479 3441 verum
506 3378 570 3458 est,
597 3379 711 3457 φιλεῖν
738 3373 825 3458 qnod
852 3377 902 3438 est
929 3372 963 3437 in
991 3373 1161 3458 potissimo
1185 3374 1294 3438 codice
1317 3372 1401 3438 unde
1425 3376 1532 3438 ortum
1556 3374 1599 3438 sit

361 3482 463 3567 plane
494 3485 545 3546 est
572 3480 607 3545 in
635 3482 782 3546 obscuro.
828 3478 933 3556 Quare
961 3481 1009 3545 sic
1038 3479 1224 3565 statuimus,
1256 3492 1368 3565 τυχεῖν
1398 3482 1600 3546 coniecturae

360 3592 534 3673 acceptum
564 3587 654 3671 ferri,
681 3586 812 3653 minime
839 3587 1046 3672 vituperabili
1074 3586 1123 3651 illi
1151 3588 1279 3672 quidem
1308 3587 1363 3651 sed
1390 3591 1499 3652 tamen
1527 3608 1601 3652 con-

363 3698 516 3778 iecturae,
539 3717 636 3781 quam
659 3695 801 3760 inierunt
825 3696 882 3771 qui
901 3700 1014 3778 φιλεῖν
1031 3692 1169 3781 intelligi
1188 3717 1283 3779 posse
1302 3694 1515 3779 desperarent.
1539 3691 1601 3758 Ite-

366 3825 430 3887 que
462 3802 613 3867 laudandi
645 3806 721 3867 sunt
753 3804 810 3886 qui
839 3802 880 3866 ab
907 3800 971 3867 hoc
999 3802 1107 3885 potius
1136 3802 1233 3866 verbo
1261 3802 1399 3885 profecti
1427 3801 1600 3866 divinando

367 3914 481 3994 poetae
508 3932 638 3975 manum
665 3910 820 3974 suscitare
848 3909 1059 3991 conabantur3
1087 3907 1143 3973 sed
1170 3910 1258 3973 varie
1286 3930 1368 3993 quae
1395 3910 1601 3992 protulerunt

371 4021 562 4102 commenta,
589 4039 608 4079 a
631 4015 788 4082 Michaele
811 4017 845 4079 in
867 4016 1075 4080 adnotatione
1099 4015 1151 4079 vel
1174 4013 1208 4079 in
1232 4015 1406 4099 appendice
1430 4013 1601 4100 diligenter

370 4122 517 4208 collecta,

527 4238 663 4298 πολλῶν
686 4232 728 4296 ἂν
750 4232 853 4315 ἥκοις,
877 4228 902 4297 ὧ
927 4229 1008 4315 ξέν’,
1032 4230 1122 4309 ἄξιος
1146 4235 1272 4316 φίλων

527 4344 661 4405 πολλῶν
683 4337 726 4403 ἂν
748 4339 852 4422 ἥκοις,
876 4332 901 4402 ei
925 4336 1004 4422 ξέν’,
1027 4338 1117 4417 ἄξιος
1140 4340 1278 4422 φίλοιν
1301 4338 1352 4403 vel
1376 4343 1509 4422 φίλοις
1614 4366 1640 4407 so

527 4450 662 4512 πολλῶν
684 4444 727 4510 ἂν
749 4446 852 4528 ἥκοις,
875 4441 901 4510 ὦ
925 4444 1004 4528 ξέν’,
1029 4443 1120 4522 ἄξιος
1143 4444 1295 4530 φέρειν,

382 4571 561 4637 quamquem
579 4551 668 4617 aliud
686 4554 750 4618 alio
769 4552 883 4617 melius
902 4557 960 4636 est,
984 4556 1016 4616 et
1035 4550 1097 4617 hoc
1115 4556 1314 4636 postremum
1334 4555 1504 4638 praecipue
1519 4554 1599 4630 scite

387 4661 585 4746 exmgitutnm
608 4662 667 4745 est,
692 4663 798 4724 tamen
822 4658 901 4723 haec
924 4658 1032 4725 omnia
1054 4680 1120 4723 non
1143 4681 1212 4723 earn
1236 4660 1401 4746 attingunt
1424 4660 1598 4745 probabili·

389 4764 471 4831 &ten
491 4789 553 4851 qua
573 4767 667 4833 facile
686 4767 878 4851 acquiesces.
921 4766 996 4832 Fuit
1015 4767 1112 4831 etism
1132 4766 1181 4830 vir
1201 4766 1314 4831 doctus
1334 4768 1390 4851 qui
1409 4789 1468 4833 nec
1486 4779 1599 4852 τυχεῖν

391 4886 438 4931 nee
451 4878 556 4955 φιλεῖν
572 4874 776 4940 tolerandum
796 4879 893 4957 retus,
912 4873 1037 4939 sbiecto
1053 4874 1150 4937 verbo
1165 4895 1344 4957 pronomen
1358 4874 1494 4939 inseruit
1508 4876 1598 4959 ἡμῖν,

394 4991 444 5053 quo
466 4980 569 5046 addito
598 4980 777 5046 orationem
805 4981 932 5065 quidem
962 4979 1068 5044 effecit
1095 4980 1182 5044 beud
1211 4981 1367 5063 ineptam,
1394 4986 1528 5046 πολλῶν
1556 4982 1599 5046 ἂν

393 5075 468 5160 ἣλοις
485 5086 572 5173 ἡμῖν,
595 5083 622 5153 ὦ
645 5086 726 5169 ξέν’,
750 5086 853 5168 ἄξιος,
882 5087 937 5152 sed
957 5108 1073 5173 genere
1096 5086 1285 5151 emendandi
1309 5109 1399 5172 usus,
1428 5088 1513 5171 quod
1537 5090 1597 5153 etsi

397 5186 491 5256 multos
510 5192 607 5260 hebet
629 5196 804 5278 plausores,
828 5216 899 5258 raro
923 5194 1010 5277 quod
1029 5192 1095 5258 reri
1115 5193 1218 5257 simile
1238 5199 1320 5259 esset
1339 5198 1520 5259 assecutum
1540 5198 1596 5259 est

397 5282 452 5357 Nm
472 5301 631 5367 recensitis
659 5301 808 5366 omnibns
836 5305 947 5385 φιλεῖν
973 5299 1173 5385 repetiimus,
1201 5301 1319 5368 codicis
1343 5301 1405 5365 fide
1430 5302 1597 5383 munitum,
