3925 6675
383 2004 423 2075 L.
447 2001 619 2076 INDEX
647 2001 965 2075 LEOTIONUM
993 1999 1363 2074 HIBERNARUM
1388 1997 1593 2096 1899f1900.

336 2175 357 2231 8
465 2178 654 2244 Lectionum
681 2178 934 2242 academicorum
961 2179 1108 2243 recensui
1135 2183 1172 2243 nt
1195 2181 1349 2244 consueto
1372 2199 1463 2242 more
1485 2176 1608 2260 aliquid

373 2284 583 2369 praefationis
606 2285 781 2349 litterariae
804 2285 1091 2370 praemittemus,
1113 2285 1154 2350 ad
1174 2283 1361 2350 Ciceronem
1383 2284 1545 2366 rediimus,
1569 2285 1607 2348 de

374 2413 439 2476 quo
456 2391 613 2457 nonnulla
631 2391 748 2456 abhinc
767 2413 824 2456 sex
842 2413 967 2456 menses
986 2391 1096 2456 eadem
1116 2393 1283 2458 occasione
1300 2391 1516 2472 disseruimus,
1535 2412 1607 2455 cum

372 2520 443 2564 eam
465 2504 590 2582 partem
613 2498 846 2563 emendationis
864 2497 1033 2564 'lullianae
1056 2498 1212 2583 exemplis
1236 2498 1396 2564 declarare
1418 2519 1608 2566 conaremur

371 2627 455 2690 quae
485 2605 698 2691 agnoscendis
725 2605 993 2689 eliminandisque
1022 2605 1246 2671 additamentis
1275 2605 1387 2670 alienis
1415 2606 1606 2670 continetur.

371 2711 469 2777 Nunc
492 2713 624 2777 eundem
648 2732 776 2777 cansam
798 2717 944 2797 repetere
966 2734 1004 2777 ac
1027 2712 1176 2797 persequi
1199 2712 1408 2794 instituimus,
1431 2712 1553 2776 sedita
1570 2716 1607 2775 ut

370 2820 520 2903 exemplo
536 2822 684 2904 petamus
702 2841 768 2883 nou
787 2819 1048 2884 exorationibus
1068 2819 1101 2882 iu
1120 2819 1237 2903 quibus
1256 2823 1326 2883 tum
1346 2818 1485 2882 maxime
1503 2840 1606 2882 mora-

371 2926 495 3006 bsmur,
518 2947 629 2990 verum
652 2946 692 2989 ex
714 2925 941 3010 philosophiae
964 2927 1094 3010 scriptis
1118 2927 1152 2990 iu
1175 2925 1293 3009 quibus
1316 2925 1476 3010 ingeniosi
1502 2925 1605 2989 critici

371 3053 437 3098 non
464 3034 571 3098 miuus
596 3054 692 3118 saepe
714 3054 785 3099 eam
809 3053 906 3118 quam
930 3033 1066 3099 dicimus
1090 3034 1299 3119 cupiditatem
1321 3031 1448 3096 delendi
1472 3053 1548 3114 prae
1572 3054 1605 3096 se
1621 3059 1646 3098 ro

370 3140 488 3223 ferunt,
511 3161 575 3224 qua
596 3140 634 3204 fit
651 3145 689 3204 nt
707 3140 867 3206 tollantur
880 3162 1123 3224 nonnumquam
1142 3161 1224 3224 quae
1242 3139 1283 3204 ed
1302 3137 1464 3204 Ciceronis
1481 3159 1604 3203 morem

370 3268 529 3331 usumque
545 3246 699 3329 loquendi
717 3267 754 3311 ao
773 3247 932 3312 sentiendi
950 3246 1051 3312 relata
1068 3248 1196 3334 integra
1214 3269 1284 3312 esse
1303 3250 1360 3310 aut
1377 3245 1404 3310 si
1419 3267 1484 3330 qna
1497 3251 1604 3310 tamen

371 3356 496 3420 macula
523 3354 643 3419 violata
671 3354 737 3419 sint
764 3376 802 3420 ea
829 3355 894 3420 alio
917 3356 1014 3419 modo
1037 3356 1182 3421 abstersa
1205 3356 1247 3419 ad
1268 3354 1438 3419 sanitatem
1461 3353 1604 3419 revocari

370 3460 547 3525 videantur.
589 3459 652 3525 Sed
684 3463 786 3526 multa
816 3484 884 3527 non
913 3466 989 3527 suut
1017 3484 1098 3546 quse
1126 3462 1286 3527 afferimus
1314 3482 1418 3545 neque
1446 3460 1604 3546 gravitate

370 3570 438 3632 nlla
460 3572 517 3632 aut
540 3569 664 3633 inventi
685 3568 780 3633 laude
803 3571 986 3654 conspicua,
1009 3590 1119 3634 verum
1142 3574 1251 3634 tamen
1271 3591 1309 3633 es
1327 3568 1517 3633 fortasse-in
1535 3567 1602 3651 qui·

369 3674 431 3739 bus
463 3674 704 3740 demonstrandi
736 3677 907 3740 severitate
938 3676 1062 3761 aliquid
1089 3676 1216 3741 efficere
1243 3675 1345 3739 liceat.
1387 3672 1472 3739 Nam
1502 3673 1604 3740 multa

369 3786 446 3846 sunt
473 3783 506 3845 iu
535 3781 599 3846 hoc
624 3802 741 3869 genere
768 3782 905 3847 fidenter
930 3785 1037 3867 posita
1064 3788 1096 3847 et
1123 3782 1323 3868 permultas
1344 3781 1520 3847 multorum
1539 3782 1602 3846 edi·

370 3889 475 3953 tiones
493 3893 681 3975 propagate,
699 3910 781 3973 qnae
800 3890 907 3973 quivis
925 3890 981 3974 qni
1000 3890 1096 3955 modo
1114 3911 1180 3955 nou
1195 3894 1350 3973 occupata
1364 3892 1469 3953 mente
1484 3888 1603 3952 iudicet

367 3995 432 4061 sibi
458 3995 651 4080 persuadeat
672 4017 748 4059 vera
770 4018 837 4061 non
860 4016 930 4061 esse
952 3997 1008 4061 sed
1031 3996 1149 4060 favore
1165 3996 1302 4079 quodam
1324 3994 1469 4077 retineri,
1496 4000 1603 4059 tamen

368 4102 402 4166 ni
429 4100 674 4188 argumentandi
703 4103 945 4187 nationibusque
972 4102 1012 4168 ad
1039 4103 1294 4187 persuadendum
1318 4102 1475 4185 appositis
1498 4102 1602 4165 redar-
1617 4128 1643 4167 ro

367 4228 467 4293 gnere
490 4229 556 4273 uon
578 4210 697 4292 possis:
720 4214 752 4273 et
774 4208 868 4274 uobis
891 4209 975 4274 hauc
997 4211 1102 4296 legem
1126 4210 1313 4293 scripsimus
1336 4212 1431 4272 utne
1450 4230 1601 4293 nmquam

367 4334 428 4399 pro
450 4316 548 4380 certis
570 4315 781 4399 venditemus,
804 4338 886 4400 quas
908 4316 971 4381 nisi
995 4316 1184 4381 verisimilia
1205 4314 1247 4403 (si
1265 4312 1388 4401 tamen)
1406 4313 1518 4379 haberi
1536 4336 1602 4379 uon

368 4422 508 4506 possint,
539 4423 657 4488 nedum
689 4424 768 4487 viris
799 4422 933 4488 eruditis
961 4428 994 4488 et
1023 4424 1110 4489 omni
1137 4423 1232 4489 laude
1258 4421 1440 4508 insignibus
1468 4420 1601 4505 obloqui

366 4528 542 4594 audeamus
560 4531 624 4594 uisi
641 4530 707 4594 fide
724 4534 987 4616 argumentorum
1008 4534 1040 4595 et
1059 4532 1278 4615 exemplorum
1297 4529 1514 4595 stabilimento
1530 4550 1602 4594 eon·

367 4636 486 4701 firmati
519 4641 553 4700 et
583 4636 695 4701 adiuti.
737 4636 852 4721 Itaque
880 4658 984 4722 pauca
1013 4639 1177 4721 acquirere
1203 4638 1232 4701 si
1259 4658 1430 4721 possumus
1459 4638 1601 4702 conteuti

367 4742 584 4809 difficiliorem
604 4745 699 4809 istam
719 4748 752 4808 et
770 4744 901 4809 arduam
921 4766 1050 4827 operam
1069 4744 1267 4809 acutioribus
1285 4750 1322 4809 ut
1340 4766 1400 4829 par
1416 4748 1465 4807 est
1478 4764 1601 4808 sumen-

367 4848 441 4915 dam
464 4850 685 4935 relinquimus,
708 4850 966 4916 adolescentibus
990 4854 1106 4933 antem,
1131 4851 1247 4936 quibus
1271 4851 1349 4917 haec
1370 4852 1550 4935 scribimus,
1573 4850 1601 4914 si

367 4957 425 5041 qui
446 4957 532 5022 forte
553 4957 706 5022 adhunc
728 4959 916 5043 scriptorem
939 4957 1086 5041 tendant,
1107 4958 1278 5023 suademus
1302 4958 1387 5022 idem
1410 4958 1497 5041 quod
1520 4978 1601 5023 sem·

367 5084 434 5148 per,
453 5068 490 5128 ut
505 5065 649 5148 impensa
663 5065 855 5130 observandi
869 5064 1038 5151 diligentia
1051 5066 1215 5129 excutiant
1228 5066 1318 5150 prius
1333 5086 1429 5149 qnam
1445 5069 1600 5149 temptare

369 5170 525 5255 incipiant
553 5175 585 5235 et
608 5170 670 5235 hoc
693 5172 754 5236 sibi
779 5171 898 5252 dicant,
926 5172 1071 5237 libidinis
1094 5171 1225 5237 licentia
1247 5173 1350 5236 multa
1371 5174 1406 5236 in
1428 5170 1481 5235 his
1504 5170 1600 5237 rebus
1615 5196 1641 5236 eo

367 5277 510 5342 affecturi
539 5278 596 5342 sed
623 5276 855 5362 stabile'quod
881 5280 926 5342 sit
951 5278 1035 5343 nihil
1057 5280 1120 5343 nisi
1144 5278 1255 5344 iudicii
1278 5277 1464 5343 sinceritate
1485 5279 1599 5362 parari.

369 5380 434 5448 Sed
455 5384 665 5471 aggredimur
686 5384 729 5448 sd
750 5406 826 5449 rem.
