3925 6675
393 1115 460 1180 446
620 1117 678 1169 LV.
697 1117 814 1170 INDEX
831 1115 1046 1167 LEOTIONUM
1064 1115 1297 1166 AESTIVARUM
1316 1117 1394 1167 ison.

393 1300 466 1343 mus
493 1280 569 1363 ipsi,
596 1284 634 1344 ut
655 1277 825 1343 Laelianae
851 1275 1114 1363 interrogationis
1136 1275 1186 1340 vis
1208 1274 1356 1360 patefiat,
1382 1276 1445 1340 iter
1473 1275 1559 1360 quod
1583 1275 1626 1340 sit

394 1386 551 1452 sermonis
574 1385 744 1452 declarare.
782 1383 933 1470 Scipione
955 1384 1057 1470 igitur
1079 1382 1260 1448 affirmante
1283 1405 1322 1448 ex
1344 1381 1451 1448 Aratii
1474 1382 1626 1448 carminis

393 1493 604 1558 similitudine
627 1493 689 1558 sibi
708 1491 835 1558 dicendi
853 1491 1013 1576 principia
1031 1489 1186 1576 capienda
1203 1511 1273 1554 esse
1292 1489 1331 1554 ab
1351 1509 1389 1554 eo
1409 1509 1505 1573 quem
1524 1511 1625 1554 unum

394 1600 537 1665 omnium
559 1599 693 1665 deorum
716 1603 750 1664 et
770 1598 938 1663 bominum
965 1617 1075 1683 regem
1099 1618 1167 1662 esse
1190 1617 1302 1660 omnes
1330 1595 1416 1662 docti
1439 1595 1626 1681 indoctique

394 1707 604 1791 consentiant,
622 1706 768 1771 videmus
785 1704 931 1770 Laelium
950 1725 1102 1790 quaerere
1120 1704 1217 1786 prid?
1241 1703 1328 1787 quod
1346 1723 1411 1768 non
1430 1707 1626 1787 potestesse

392 1814 457 1878 nisi
480 1813 557 1897 qnid
581 1814 626 1878 sit
646 1813 680 1878 id
704 1813 791 1897 qnod
812 1812 1027 1877 demonstrari
1050 1811 1130 1876 velit
1151 1812 1191 1876 iis
1215 1831 1297 1896 quse
1320 1811 1359 1876 de
1381 1809 1458 1876 Iove
1481 1809 1626 1876 omnium

393 1942 469 2006 rege
497 1920 600 2004 deque
627 1920 793 1986 hominum
823 1939 982 1984 consensu
1010 1917 1141 2002 dixerit,
1168 1918 1261 1983 illum
1289 1921 1395 1982 autem
1423 1917 1626 2002 respondere,

394 2027 477 2092 nihil
495 2049 566 2092 ase
588 2029 652 2091 nisi
674 2027 762 2111 quod
784 2026 828 2091 sit
850 2029 924 2090 ante
942 2024 1054 2090 oculos
1077 2024 1333 2090 demonstratum
1351 2024 1403 2108 iri,
1425 2028 1458 2088 et
1476 2025 1625 2110 deinceps

394 2134 566 2218 explanare
588 2133 728 2218 plenius,
759 2133 837 2217 qnid
860 2134 1044 2217 exemplum
1067 2131 1148 2197 illud
1170 2154 1190 2198 e
1215 2129 1289 2196 love
1312 2131 1444 2198 deorum
1469 2135 1501 2196 et
1523 2129 1627 2196 bomi-

355 2263 471 2310 1onum
495 2242 640 2308 omnium
662 2261 738 2327 rege
758 2240 897 2325 petitum
915 2239 1022 2304 valeat
1040 2239 1074 2304 in
1092 2259 1143 2304 res
1162 2242 1329 2304 terrestres
1348 2243 1381 2303 et
1399 2238 1626 2303 dominationis

394 2369 496 2435 genus
515 2347 602 2431 quod
620 2348 661 2412 iis
679 2348 819 2412 maxime
835 2348 879 2412 sit
897 2345 1099 2412 conveniens.
1129 2345 1251 2422 Quodsi
1264 2347 1312 2410 ita
1325 2365 1452 2411 cursum
1469 2345 1626 2411 sermonis

393 2458 480 2520 recte
499 2455 735 2539 descripsimus,
753 2475 820 2518 non
836 2457 945 2538 potest
963 2453 1097 2518 dubium
1116 2475 1186 2521 esse
1205 2452 1283 2536 quid
1296 2451 1426 2518 Laelius
1445 2453 1626 2536 quaesierit,

395 2562 450 2627 sed
472 2560 571 2626 simul
592 2561 789 2646 patefactum
812 2565 870 2645 est,
892 2561 1070 2626 sententiae
1093 2561 1161 2624 eius
1185 2581 1309 2624 merum
1331 2561 1417 2642 quiri,
1439 2559 1526 2644 quod
1544 2560 1627 2624 nihil

393 2667 494 2734 babet
512 2689 578 2751 quo
596 2667 728 2752 nitatur,
746 2667 930 2732 satisfacere
947 2688 1014 2732 nou
1032 2687 1135 2751 posse.
1169 2665 1384 2743 Quamobrem
1404 2667 1450 2734 sic
1468 2669 1626 2732 rationem

395 2775 626 2858 concludimus,
650 2775 734 2839 hauc
756 2775 1042 2860 interrogationem
1064 2795 1211 2839 mancam
1235 2795 1303 2839 esse
1325 2795 1385 2839 nec
1408 2775 1627 2861 iutegritatem

395 2883 464 2948 eius
486 2883 551 2948 nisi
573 2882 794 2971 additamento
809 2881 895 2946 facto
914 2885 1070 2946 constare.
1107 2879 1262 2946 Putamus
1280 2885 1388 2946 antem
1407 2881 1454 2946 sio
1471 2881 1626 2966 scriptum

395 2989 507 3054 subse:
535 2989 627 3071 Quid,
650 2990 754 3072 inquit
776 2987 913 3067 laetitae,
937 2986 991 3072 [iis
1015 2987 1099 3052 effici
1122 2987 1221 3073 uis?].
1258 2987 1347 3066 Quae
1366 2993 1402 3054 ut
1419 2987 1541 3053 babent
1558 3011 1625 3055 eam

395 3117 492 3180 quam
509 3096 630 3180 requiri
648 3095 856 3180 probavimus
873 3095 1075 3178 sententiam,
1094 3095 1140 3159 ita
1158 3117 1223 3178 quo
1242 3099 1337 3180 pacto
1354 3096 1472 3160 ineam
1490 3095 1627 3162 formam

395 3203 534 3268 abierint
557 3223 652 3286 quom
676 3202 818 3286 scriptus
840 3201 923 3266 liber
945 3200 1085 3284 exhibet,
1108 3223 1173 3266 uon
1197 3201 1328 3266 difficile
1352 3205 1566 3289 cognoscitur.

354 3336 382 3377 ro
484 3309 595 3376 Unum
622 3313 724 3376 restat
747 3308 833 3395 qnod
856 3310 891 3374 in
912 3308 1000 3375 hunc
1021 3308 1129 3375 locum
1153 3312 1185 3375 et
1207 3307 1267 3374 hos
1289 3307 1391 3376 libros
1419 3309 1516 3375 delati
1539 3331 1628 3395 prae·

394 3418 492 3483 terire
518 3416 677 3483 nolumus.
723 3415 872 3481 Halmius
900 3417 1000 3500 euim,
1028 3416 1061 3483 id
1085 3417 1171 3502 quod
1198 3417 1390 3483 retinuimus
1413 3418 1447 3482 in
1470 3438 1508 3483 ea
1529 3418 1628 3502 parti-

395 3522 468 3589 cula
486 3544 583 3608 qnam
597 3521 673 3587 huic
687 3522 901 3607 disputationi
918 3524 1193 3608 praescripsimus,
1211 3522 1479 3591 interlocutorum
1496 3523 1628 3590 nomina

395 3630 552 3695 sermonis
583 3630 752 3694 commatis
783 3630 1018 3713 praemittenda
1050 3632 1182 3696 curavit.
1233 3629 1321 3708 Quae
1353 3651 1404 3695 ree
1432 3628 1472 3695 ab
1499 3630 1628 3717 Angelo

394 3735 482 3801 Maio
514 3736 549 3800 iu
581 3736 721 3801 editione
753 3737 899 3822 principe
926 3739 1076 3803 instituta
1108 3738 1184 3821 quia
1211 3738 1350 3803 absurda
1376 3742 1425 3802 est
1451 3738 1629 3822 permansit

394 3864 498 3928 nsque
520 3848 560 3909 ad
582 3843 790 3909 novissimum
812 3844 859 3909 rei
882 3844 1031 3929 publicae
1054 3844 1221 3909 Tullianae
1244 3844 1417 3910 editionem
1436 3842 1629 3910 Teubneria-

394 3972 478 4016 nam.
530 3949 621 4016 Adeo
658 3973 724 4016 non
759 3950 989 4017 intellexerunt
1020 3952 1287 4037 compositionem
1320 3954 1426 4036 operis
1458 3972 1518 4017 uec
1549 3948 1628 4035 quid

396 4056 524 4123 intersit
551 4058 636 4123 inter
663 4080 842 4125 sermonem
869 4059 926 4141 qui
951 4058 1111 4123 narrando
1139 4058 1318 4143 explicatur
1346 4062 1378 4123 et
1405 4080 1478 4123 eum
1506 4058 1540 4122 in
1564 4078 1628 4142 quo

394 4164 523 4230 fabulae
554 4166 657 4231 instar
687 4186 844 4251 personae
874 4166 1045 4249 loquentes
1077 4165 1280 4231 inducuntur.
1331 4163 1425 4243 Quod
1455 4186 1493 4229 eo
1524 4162 1628 4251 magis

395 4271 514 4338 mirum
537 4276 600 4357 est,
629 4274 705 4357 qnia
727 4271 839 4337 multis
861 4272 941 4337 loeis
963 4293 1005 4337 ne
1028 4293 1124 4357 posse
1147 4272 1277 4357 quidem
1300 4294 1511 4359 personarum
1533 4274 1629 4337 notes

355 4404 382 4446 rc
396 4379 559 4464 interponi
580 4384 647 4445 tam
671 4384 817 4463 apertum
840 4382 890 4445 est
911 4382 949 4443 ut
972 4380 1132 4445 neminem
1156 4381 1329 4463 praeterire
1348 4383 1457 4465 queat3
1480 4383 1513 4445 et
1530 4376 1629 4444 Hein-

396 4485 519 4551 richins
537 4483 583 4572 (p.
600 4484 678 4572 188)
701 4488 758 4569 qui
780 4485 844 4550 boc
866 4485 938 4570 ipso
961 4484 1033 4552 loco
1057 4491 1131 4552 ante
1150 4486 1303 4553 Imitabor
1321 4491 1354 4553 et
1375 4490 1449 4553 ente
1472 4487 1538 4569 Quo
1557 4486 1631 4553 Iove

397 4592 497 4678 siglas
520 4613 600 4675 quas
623 4591 702 4656 dicit
723 4593 891 4657 nominum
914 4590 1025 4657 abesse
1046 4592 1166 4677 uoluit,
1197 4594 1317 4680 grande
1340 4593 1464 4678 aliquid
1486 4593 1629 4661 effecisse

397 4698 461 4765 sibi
483 4700 572 4763 visus
596 4702 646 4762 est
668 4698 756 4783 quod
778 4698 905 4763 eaedem
927 4720 947 4762 a
970 4698 1083 4781 Orode,
1111 4702 1215 4783 inquit
1241 4707 1274 4766 et
1296 4724 1316 4765 a
1341 4700 1491 4781 Tardum,
1518 4701 1628 4783 inquit,

396 4806 454 4871 ubi
473 4805 588 4870 ceteris
606 4826 674 4869 uon
692 4804 935 4890 displicuerunt,
953 4806 1100 4871 removit.
1131 4806 1194 4872 Sed
1208 4804 1328 4891 Cicero,
1347 4810 1401 4891 qui
1422 4810 1456 4872 in
1475 4828 1629 4891 sermone,

398 4934 494 4998 quem
513 4934 532 4977 a
550 4934 609 4978 sna
625 4914 809 4978 narratione
827 4912 965 4998 pendere
984 4915 1096 4997 voluit,
1119 4936 1214 4999 saepe
1232 4914 1273 4979 iis
1292 4914 1407 4979 formis
1426 4916 1529 4979 utitur
1547 4934 1631 4999 quae

397 5020 475 5085 huic
496 5018 633 5085 consilio
657 5022 734 5084 sunt
755 5024 857 5105 aptae,
880 5042 951 5085 cum
975 5024 1033 5085 aut
1055 5020 1101 5085 its
1124 5022 1236 5087 scribit
1257 5022 1338 5087 Tem
1356 5021 1483 5099 Philus·
1506 5020 1551 5087 Et
1568 5020 1630 5103 ille,

398 5131 454 5192 ant
476 5128 580 5209 inquit
601 5148 667 5192 non
690 5125 799 5192 eddito
822 5128 952 5193 nomine
975 5128 1168 5215 interponit,
1194 5129 1246 5195 vel
1273 5150 1396 5194 merum
1419 5150 1538 5195 nomen
1561 5128 1630 5193 sine

399 5233 502 5315 inquit
527 5233 562 5299 iu
589 5232 694 5299 media
724 5234 868 5299 oratione
896 5234 1035 5299 collocat
1062 5232 1115 5321 (ci.
1134 5234 1242 5303 Herm.
1261 5254 1308 5301 xv
1328 5234 1422 5323 272),
1452 5234 1549 5302 etism
1573 5232 1630 5301 ubi

398 5340 524 5406 nullum
552 5346 602 5407 est
628 5343 733 5423 inquit
757 5363 817 5406 nec
843 5363 961 5407 nomen
984 5345 1041 5405 aut
1063 5364 1254 5427 pronomen,
1283 5342 1460 5409 orationem
1488 5344 1534 5411 ita
1557 5362 1631 5410 oeu-
