3925 6675
411 1148 479 1213 484
587 1150 684 1201 svm.
703 1149 819 1200 mosa
837 1123 1051 1200 beomorum
1068 1147 1310 1199 HIBERNARUM
1328 1147 1462 1217 moesos.

411 1311 496 1378 idem
518 1333 549 1396 p.
564 1309 640 1394 505,
658 1310 700 1376 22

545 1417 645 1482 ‘asim
667 1418 789 1500 eyerim.
827 1415 988 1482 Pacuvius
1010 1414 1161 1480 Periboea
1189 1415 1284 1480 “aat
1303 1436 1384 1498 miae
1405 1418 1454 1499 cyi
1478 1414 1556 1502 (qna
1577 1415 1642 1504 syr)

545 1545 603 1606 aya
625 1523 681 1588 cel
703 1524 791 1589 asim
814 1522 1044 1601 merrunom'',’

411 1653 606 1716 quamquam
634 1629 774 1696 fatemur
800 1629 904 1715 magis
932 1628 1118 1715 ambiguam
1145 1649 1213 1693 rom
1236 1649 1319 1712 esse,
1346 1632 1453 1694 tamon
1476 1628 1643 1695 subductis

411 1738 591 1803 rationibus
604 1735 805 1822 probabilius
820 1734 1050 1820 existimamus,
1063 1756 1160 1820 quem
1173 1755 1301 1800 versum
1314 1735 1366 1800 bis
1375 1737 1505 1820 scripsit
1513 1734 1643 1802 Nonius

411 1845 518 1930 priore
550 1845 621 1909 loco
652 1846 738 1909 recto
770 1843 927 1926 scriptum
955 1863 1038 1926 esse,
1070 1846 1156 1907 oerts
1183 1841 1268 1908 idem
1295 1840 1398 1908 altero
1425 1841 1643 1929 negligentius

412 1955 561 2016 exaratus
589 1953 650 2034 est,
678 1950 713 2014 in
736 1971 800 2034 quo
825 1948 913 2034 quod
935 1947 1073 2013 habetur
1095 1949 1145 2032 eyi
1166 1969 1225 2032 ayo
1246 1948 1303 2014 oel
1324 1951 1426 2029 asim,
1455 1971 1520 2034 quo
1542 1947 1645 2014 Nonii

412 2057 563 2142 editores,
592 2054 819 2140 Quieheratus,
847 2053 984 2140 Oriens,
1011 2055 1063 2120 usi
1090 2059 1168 2120 sunt
1194 2059 1231 2120 ut
1259 2056 1441 2122 trimetrum
1469 2056 1645 2140 efficerent,

411 2185 471 2230 nos
493 2163 619 2229 librarii
642 2163 742 2228 errori
766 2162 908 2228 tribuero
931 2163 1099 2228 malumus.
1136 2161 1260 2239 Quodsi
1277 2165 1364 2228 reete
1383 2161 1546 2246 statuitur,
1569 2183 1645 2229 oon·

372 2296 399 2340 m
413 2293 548 2356 sequens
572 2275 621 2334 ost
642 2267 787 2336 Nonium
809 2271 917 2354 priore
940 2268 1011 2334 loco
1036 2273 1142 2334 totum
1166 2270 1367 2335 octonarium
1390 2268 1515 2335 dedisse

553 2377 1644 2459 Preedramiampelinsnlynaeeyiayoarimaerrnnasnlbene

411 2484 457 2549 Et
471 2483 669 2548 Ribbeekius
688 2483 744 2566 qui
763 2482 841 2546 haec
854 2502 966 2566 preeor
982 2484 1107 2547 oesiam
1119 2488 1229 2565 peloris
1247 2481 1423 2547 clausulam
1437 2504 1507 2546 esso
1520 2481 1644 2563 moluit,

413 2591 530 2676 quibus
554 2589 657 2655 modis
682 2588 814 2654 alteram
837 2592 962 2674 partem
985 2589 1018 2653 in
1043 2589 1204 2676 integrum
1226 2590 1409 2654 trimetrum
1427 2589 1467 2654 de
1484 2588 1645 2654 sententia

412 2695 600 2762 Buschelsri
624 2695 787 2780 supplevit

552 2804 606 2870 Uli
627 2823 706 2886 qnae
728 2802 809 2888 [eye]
833 2805 882 2886 eyi
904 2823 962 2886 ayo
985 2801 1074 2868 elsim
1096 2807 1279 2868 commeent
1300 2801 1373 2867 bene

412 2911 453 2976 iis
483 2909 629 2975 diffidere
651 2911 727 2974 licet
750 2913 921 2994 propteroa
944 2908 1031 2993 quod
1054 2908 1221 2974 discedunt
1242 2909 1278 2974 in
1299 2909 1341 2974 iis
1364 2931 1446 2993 quae
1469 2929 1645 2975 consensus

412 3016 513 3082 Nonii
537 3017 715 3082 confirmat.
753 3013 968 3093 Quamobrem
992 3015 1132 3080 dandum
1155 3037 1224 3081 esse
1243 3016 1413 3100 opinamur
1429 3015 1517 3082 hunc
1535 3037 1646 3080 nume·

412 3147 484 3188 rum
506 3143 618 3208 precor
639 3125 764 3188 veniam
780 3128 889 3204 peloris
911 3145 976 3188 non
999 3123 1107 3187 minus
1131 3144 1226 3206 quam
1249 3129 1305 3188 ast
1326 3123 1410 3205 qnod
1428 3123 1645 3206 primordium

414 3231 454 3296 ab
477 3231 559 3296 intio
583 3230 740 3295 octonarii
762 3228 890 3296 iambici
914 3251 981 3294 non
1003 3229 1218 3295 abhorruisse.

372 3374 399 3419 ,ο
502 3355 550 3403 111.
573 3336 611 3403 In
626 3337 755 3401 incertis
764 3336 897 3402 Pacuvii
907 3336 1106 3401 Ribbeckius
1120 3338 1207 3401 bunc
1219 3358 1348 3402 versum
1362 3336 1425 3401 fert
1439 3353 1485 3400 xu
1494 3333 1643 3423 (402sq.)

1000 3444 1131 3508 eandem
1147 3443 1232 3527 filios

547 3550 617 3615 Sibi
633 3570 812 3632 procreasse
829 3571 889 3633 per
912 3548 1118 3633 Calypsonem
1139 3555 1314 3631 sammoni,

413 3658 469 3742 qui
497 3656 648 3742 quoniam
671 3655 799 3722 Ulixem
830 3656 921 3738 dicit,
948 3656 1083 3721 dubium
1109 3678 1176 3722 non
1199 3661 1249 3723 eet
1271 3657 1350 3741 quin
1374 3656 1452 3722 olim
1474 3660 1561 3722 recto
1585 3656 1645 3721 Ps-

413 3763 498 3829 cuvii
525 3762 653 3849 Niptris
681 3763 862 3849 adscriptus
890 3762 941 3829 sil.
987 3762 1036 3829 De
1068 3764 1158 3829 ouius
1187 3785 1298 3829 versus
1328 3764 1581 3829 conformatione
1607 3766 1646 3829 ut

413 3871 531 3936 certius
555 3870 713 3938 iudicetur
731 3891 859 3935 necesse
880 3874 928 3935 est
947 3871 981 3935 in
1000 3869 1284 3956 grammaticorum
1302 3870 1488 3935 testimonia
1505 3870 1646 3955 inquiror

413 3999 500 4043 mus:
523 3981 599 4041 sunt
622 3981 728 4043 aulem
752 3978 825 4061 duo,
848 3978 990 4062 primum
1012 3976 1170 4042 Prisciani
1192 3974 1566 4061 lib.v1p.209,1411
1588 3976 1644 4061 qui

413 4085 492 4150 baec
514 4084 661 4149 tradidit:
1436 4163 1443 4170 ·

548 4192 595 4256 ‘in
626 4212 643 4257 o
669 4192 856 4273 prodactam
890 4191 1064 4256 dminenlia
1096 4190 1219 4256 Graeca
1249 4196 1323 4256 sient
1350 4191 1511 4272 iernininc
1540 4196 1569 4256 el
1599 4190 1647 4256 oei

550 4298 667 4365 Graece
681 4298 878 4363 declinandam
891 4303 926 4362 nl
938 4297 1055 4362 Manio
1069 4296 1213 4376 Martius,
1235 4297 1390 4379 Viryrliss
1401 4298 1439 4363 in
1452 4296 1582 4382 x[199]
1592 4347 1600 4361 .
1611 4346 1645 4377 ,η

371 4440 400 4483 ,0
546 4406 594 4471 ael
616 4405 729 4471 addila
751 4406 803 4469 nis
827 4405 952 4485 faciant
970 4404 1144 4487 ymeiiaam
1166 4410 1202 4469 nt
1222 4402 1311 4470 Dido
1331 4402 1474 4469 Didonis
1495 4402 1646 4489 [Calypso

549 4511 735 4595 Calypsonis
766 4510 804 4576 Io
836 4509 938 4589 Ionis,
975 4511 1069 4593 idprie
1102 4530 1179 4576 neas
1214 4512 1414 4593 amr'qnonrm
1446 4508 1646 4595 comprobat}

502 4618 523 4683 5
546 4618 663 4683 Accius
677 4616 854 4683 “nadadcm
868 4616 1039 4681 adsiduum
1054 4616 1128 4681 Ioni
1141 4617 1288 4701 adpoomt
1300 4618 1453 4700 viryini''.
1486 4616 1647 4683 Posterius

547 4724 683 4807 “filios
716 4723 791 4789 siti
817 4743 1037 4805 procreasse
1072 4724 1215 4789 dicitnr
1248 4724 1400 4789 eandem
1427 4744 1498 4807 per
1532 4722 1647 4809 Caly·

540 4850 693 4912 pscnem
712 4830 949 4895 salamanl'’.
986 4831 1124 4896 Plantas
1136 4832 1173 4895 in
1186 4830 1349 4897 aulularia
1367 4881 1375 4895 .
1390 4880 1397 4895 .
1413 4880 1420 4894 .
1435 4830 1527 4912 Quod
1541 4836 1646 4897 amm

548 4938 638 5003 Ionis
664 4943 692 5003 cl
721 4936 906 5021 Calypsonis
933 4944 960 5003 el
987 4937 1129 5003 Didonis
1155 4938 1284 5017 dicitnr,
1311 4938 1445 5004 anemii
1468 4937 1525 5003 boo
1549 4940 1645 5003 eiiam

549 5044 717 5110 Caesellius
745 5044 867 5110 Vindex
889 5047 925 5109 in
947 5050 1110 5110 stromateo
1132 5044 1183 5110 bis
1203 5046 1320 5111 verbis:
1348 5044 1563 5127 Calypsonem.
1598 5045 1647 5111 iia

482 5150 524 5216 10
547 5150 735 5217 declinatam
759 5156 803 5217 esl
824 5152 913 5234 aptid
934 5153 1086 5233 antiquos.
1123 5151 1238 5217 Livias
1260 5150 1373 5234 “aprid
1393 5150 1565 5235 nympham
1587 5151 1647 5216 Ar-

548 5258 646 5325 lantis
666 5258 771 5342 filiam
795 5256 1034 5341 Calypsonem''.
1070 5258 1226 5323 Ennius.
1246 5309 1253 5322 .
1273 5310 1280 5323 .
1299 5257 1439 5323 Aoeine.
1460 5308 1467 5322 .
1486 5258 1506 5323 .'

412 5363 451 5431 In
475 5364 592 5450 quibus
616 5386 697 5449 quas
720 5366 818 5431 verbs
841 5368 916 5449 post
938 5362 1079 5430 Didonis
1101 5382 1132 5429 V.
1152 5365 1173 5429 3
1196 5366 1287 5431 uncis
1309 5364 1433 5431 inclusa
1456 5362 1647 5447 addidimus,
