3925 6675
497 1137 547 1189 m:
565 1136 736 1190 senonis
754 1137 793 1187 IN
811 1135 1045 1188 ARISTOTELIS
1064 1135 1313 1188 RHETORICAM.
1458 1135 1524 1199 469

447 1299 531 1383 πρὸς
543 1299 605 1383 την
621 1298 807 1381 θάλασσαν,
822 1297 909 1364 οὕτω
924 1298 979 1362 καλ
994 1295 1012 1361 ό
1027 1298 1131 1381 δῆμος
1142 1305 1284 1383 ναυτιᾷ
1295 1296 1359 1363 καὶ
1373 1300 1525 1385 ἰλιγγιᾷ

448 1405 587 1490 άφορῶν
608 1406 692 1490 πρὸς
713 1406 754 1469 τὰ
777 1405 960 1488 πράγματα.

279 1514 378 1593 Quos
401 1513 449 1578 sic
473 1514 592 1597 scripts
609 1516 686 1576 sunt
703 1515 741 1576 ut
759 1510 945 1576 Aristotelis
964 1510 1064 1576 verbs
1081 1511 1235 1577 continuo
1255 1512 1427 1598 excipiant.
1459 1512 1525 1598 Ap

280 1624 512 1708 perstantem
535 1622 752 1704 interpretem,
775 1622 932 1702 utsupra
955 1619 989 1683 in
1014 1617 1131 1684 Samiis
1155 1619 1291 1684 alterum
1314 1625 1455 1704 tuntum⁷
1477 1623 1525 1686 sio

282 1749 374 1795 nuno
396 1731 570 1812 utrumque
592 1729 764 1810 temptare,
793 1730 826 1790 et
848 1724 953 1790 simile
977 1724 1136 1810 explicare
1160 1728 1207 1791 sic
1230 1730 1267 1791 ut
1290 1727 1524 1792 accommodari

284 1836 393 1920 possit
415 1833 539 1920 populo
563 1838 596 1898 et
616 1833 773 1918 populum
793 1832 897 1897 dicere
916 1855 980 1916 qus
998 1837 1089 1917 perte
1108 1833 1225 1896 similis
1245 1834 1295 1899 sit.
1334 1833 1420 1911 Quae
1439 1834 1524 1898 uude

283 1943 418 2029 petierit
440 1945 469 2007 si
488 1941 664 2026 quaeritur,
687 1940 918 2024 respondemus
937 1939 1106 2026 collegisse
1126 1963 1197 2006 eum
1217 1962 1255 2005 ex
1275 1941 1381 2005 verbis
1400 1940 1524 2006 Aristo-

285 2049 361 2115 telis
385 2052 544 2134 quantum
565 2051 679 2133 captus
698 2047 766 2111 eius
785 2047 912 2130 assequi
931 2051 1072 2131 poterat:
1095 2069 1169 2111 nam
1189 2047 1357 2111 consilium
1377 2052 1523 2132 apertum

286 2161 336 2223 est
367 2155 469 2243 (unde
497 2155 583 2221 enim
611 2154 693 2219 illud
721 2153 853 2238 ἀφορᾶν
875 2154 959 2236 πρὸς
981 2154 1043 2236 τὴν
1066 2153 1257 2236 θάλασσαν,
1284 2153 1418 2238 ἀφορᾶν
1440 2155 1523 2235 πρὸς

286 2266 326 2329 τὰ
344 2260 569 2348 πράγματαλ),
587 2261 717 2326 ethaeo
736 2261 895 2326 sententis
914 2283 1011 2345 quom
1030 2260 1300 2325 comminiscendo
1315 2261 1422 2326 effecit
1435 2259 1522 2326 haud
1537 2285 1564 2326 ιο

288 2371 399 2457 dispar
431 2369 472 2435 iis
505 2390 585 2454 quos
612 2390 709 2452 supro
738 2368 932 2453 compluries
960 2367 1001 2432 sb
1029 2389 1067 2431 co
1096 2368 1272 2453 excogitari
1301 2368 1440 2434 vidimus
1469 2369 1524 2455 (cf.

289 2477 368 2562 178,
390 2476 436 2542 25
464 2481 496 2541 et
524 2475 569 2541 30
597 2475 636 2540 de
664 2475 859 2561 imaginibus
888 2473 1088 2560 Platonicis).
1130 2473 1257 2551 Quanto
1285 2478 1388 2562 magis
1416 2480 1525 2542 autem

289 2585 409 2669 liquet,
431 2605 496 2668 quo
519 2587 616 2668 portu
638 2583 693 2648 hic
714 2583 801 2648 fetus
824 2582 930 2653 editus
954 2583 1010 2664 sit,
1034 2604 1071 2646 eo
1095 2581 1246 2646 fidentius
1268 2582 1344 2647 licet
1367 2583 1525 2669 denegare

293 2691 325 2757 in
345 2690 399 2756 his
422 2690 473 2756 vsl
496 2689 659 2755 tantillum
682 2689 838 2754 orationis
861 2687 1130 2753 Demosthenicoe
1153 2691 1323 2775 contineri3
1346 2712 1404 2754 nec
1428 2691 1524 2755 inter·

293 2819 363 2882 pres
386 2796 491 2863 voluit
513 2797 592 2862 hoec
616 2817 697 2880 quse
721 2795 902 2880 explicandi
926 2817 1022 2861 cause
1044 2796 1167 2861 invenit
1185 2819 1244 2880 pro
1264 2796 1524 2862 Demosthenicis

294 2902 409 2970 heberi.

449 3011 501 3076 s‘l
522 3008 577 3075 καὶ
596 3011 641 3088 ὡς
659 3010 879 3094 Δημοκράτης
897 3016 1030 3076 είκασεν
1048 3013 1125 3087 τοὺς
1143 3011 1285 3095 ῥήτορας
1303 3021 1375 3088 ταῖς
1393 3015 1523 3087 τίτθαις

448 3120 484 3185 αἳ
512 3119 550 3184 τὸ
578 3118 735 3202 ψώμισμα
757 3119 999 3182 κατατείνουσαι
1022 3125 1069 3204 τῷ
1092 3119 1195 3206 σιάλφ
1218 3119 1257 3183 τὰ
1281 3119 1397 3184 παιδία
1419 3140 1523 3200 παρα-

449 3227 635 3309 λείφουσιν.

308 3324 803 3419 5ο101μ.179,1οα7τινες,
831 3332 873 3397 αι’
900 3336 1051 3414 τίτθαι,
1079 3332 1139 3397 τὸν
1167 3333 1286 3417 ψωμὸν
1312 3333 1564 3417 μασσώμεναιιο

450 3435 594 3525 τὸνμὲν
616 3437 653 3505 ἐκ
676 3440 799 3505 τούτου
823 3441 930 3523 χυμὸν
952 3442 1173 3505 καταπίνουσι
1196 3439 1250 3505 καὶ
1273 3442 1311 3505 τὸ
1331 3442 1522 3526 εὔχρηστον,

450 3548 487 3613 τὸ
515 3542 553 3612 δὲ
580 3547 747 3631 ἄχρηστον
769 3543 824 3610 καὶ
846 3547 1033 3629 πιτυρῶδες
1055 3548 1306 3629 παραβάλλουσι
1330 3550 1370 3613 τὰ
1392 3550 1522 3613 παιδία·

447 3652 503 3719 καλ
525 3654 562 3719 οί
582 3653 720 3738 όητορες
742 3652 783 3717 τά
806 3649 869 3737 μὲν
887 3656 1127 3719 λυσιτελοῦντα
1145 3656 1206 3738 τὴν
1224 3657 1324 3720 πόλιν
1342 3654 1523 3739 παρακατέ-

449 3778 547 3846 χουσι
570 3758 626 3826 καὶ
650 3759 691 3825 οὐ
715 3759 865 3843 λέγουσι,
889 3762 928 3824 τά
953 3758 993 3825 δέ
1013 3784 1051 3842 νε
1074 3759 1334 3827 ιἰλυσιτελοῦντα
1357 3762 1522 3845 λέγουσιν.

310 3852 407 3934 Nonne
437 3867 522 3934 idem
549 3868 585 3932 in
611 3866 663 3932 his
692 3866 877 3952 interpretis
905 3866 1071 3953 ingenium
1102 3870 1288 3953 agnoscitur
1312 3869 1398 3951 quod
1427 3868 1522 3933 modo

307 3974 524 4046 pessumus?
555 3973 601 4039 Et
624 3974 728 4039 simile
746 3973 786 4038 sb
805 3972 981 4038 Aristotele
1001 3979 1110 4057 operte
1129 3974 1346 4059 significatum
1366 3975 1523 4039 inutiliter

306 4077 498 4160 *spurcavit
525 4080 633 4147 verbis
661 4102 726 4165 quo
754 4080 858 4166 magis
886 4080 1056 4145 convenire
1082 4080 1264 4146 rhetoribus
1288 4080 1463 4164 videretur,
1491 4087 1523 4146 et

302 4167 331 4239 ll
364 4187 432 4269 qnid
458 4186 640 4254 nutricibus
669 4186 790 4253 similes
818 4191 924 4251 essent
951 4208 1009 4252 suo
1038 4174 1134 4253 modo
1163 4187 1326 4272 explicuit.
1366 4187 1523 4271 Pependit

300 4289 401 4358 “uteru
422 4318 441 4360 ιι
463 4295 561 4361 meris
584 4293 691 4360 verbis
714 4293 901 4377 rhetoricae,
924 4294 1042 4379 quibus
1064 4293 1145 4359 hoec
1167 4294 1320 4358 adnotato
1338 4294 1428 4360 nullo
1446 4296 1523 4358 lem·

299 4396 382 4460 ¹¹¹⁸&
404 4403 447 4468 ito
474 4402 664 4486 odhseront,
690 4406 729 4465 ut
755 4402 790 4466 in
812 4402 957 4487 margine
981 4400 1021 4465 iis
1043 4422 1102 4486 per
1124 4401 1247 4477 αἵτινες
1270 4402 1401 4485 appicts
1423 4400 1523 4465 fuisse
1536 4425 1564 4466 ιο

296 4490 462 4575 ⁷identat.

448 4616 506 4682 29
534 4617 590 4682 καλ
618 4616 663 4692 ὡς
687 4613 904 4698 Ἀντισθένης
931 4617 1169 4700 Κηφισόδοτον
1196 4615 1255 4679 τὸν
1283 4616 1403 4680 λεπτὸν
1431 4619 1523 4698 λιβα-

448 4732 543 4813 νωτῷ
561 4722 703 4806 εἴκασεν,
726 4722 777 4787 ότι
801 4721 1030 4805 ἀπολλύμενος
1053 4722 1236 4806 εὐφραίνει.

284 4799 557 4916 801101179,17
582 4828 634 4918 (ut
661 4830 828 4894 mittamus
857 4850 939 4913 quae
964 4829 1003 4893 de
1027 4829 1149 4913 duplici
1173 4830 1332 4914 scripturo
1354 4837 1399 4917 τῷ
1420 4834 1526 4916 λεπτῷ

448 4943 482 5005 et
507 4939 568 5005 τὸν
595 4940 717 5003 λεπτόν
740 4935 932 5023 offeruntur)
962 4936 1023 5000 ότι
1047 4936 1065 5002 ὁ
1089 4937 1272 5021 λιβανωτὸς
1295 4935 1523 5019 ἀπολλύμενος

448 5048 522 5132 ἤτοι
539 5048 715 5129 καιόμενος
733 5041 788 5108 καὶ
808 5041 1049 5127 ἀφανιζόμενος
1062 5042 1128 5108 ὑπὸ
1143 5052 1204 5107 τοῦ
1218 5044 1323 5124 πυρὸς
1337 5042 1522 5123 εὐφραίνει·

448 5152 567 5238 ἀφίησι
595 5153 658 5236 γὰρ
687 5149 845 5216 εὐωδίαν·
873 5151 927 5214 καὶ
955 5148 973 5213 ὁ
1001 5151 1234 5234 Κηφισόδοτος
1262 5150 1291 5213 εί
1319 5154 1473 5231 φονευθῇ
1503 5148 1522 5231 ἢ

449 5265 634 5345 λεπτυνθῇ,
661 5257 699 5324 ἐν
726 5264 771 5345 τῷ
796 5260 912 5342 λαβεῖν
938 5266 1049 5322 πᾶσαν
1076 5259 1137 5340 τὴν
1165 5256 1284 5321 οὐσίαν
1308 5254 1412 5319 αὐτοῦ
1436 5252 1521 5335 ὠφε·

449 5370 567 5453 ληθείη
591 5368 743 5452 ἡπόλις·
767 5365 946 5448 βλαπτικός
969 5366 1032 5449 γάρ
1057 5359 1106 5447 ἦν.
