3925 6675
572 1159 623 1209 DE
641 1159 770 1211 TRIBUS
790 1159 895 1210 LOCIS
913 1159 1094 1210 HERCULIS
1113 1161 1341 1213 EURIPIDEAE.
1522 1158 1588 1225 259

380 1312 483 1392 ἤλπισα
504 1319 706 1384 scribendum
729 1321 912 1405 proposuit,
939 1319 1106 1385 Nauckius
1132 1316 1148 1402 ἦ
1173 1322 1259 1386 πολύ
1282 1346 1321 1406 με
1345 1321 1441 1406 δόξης
1466 1321 1592 1401 ἐξέπαι-

385 1435 433 1484 σαν
452 1427 488 1491 αί
505 1432 634 1510 rugai,
657 1432 805 1510 uterque,
828 1431 954 1491 utnon
977 1425 1121 1510 ἐλπίδες,
1145 1428 1201 1492 sed
1224 1449 1275 1492 res
1300 1451 1380 1513 quae
1403 1433 1594 1516 gererentur

387 1523 519 1615 Megaram
542 1556 560 1598 e
583 1555 641 1618 spe
664 1538 697 1598 et
719 1536 958 1617 exspectatione
977 1555 1037 1598 sua
1055 1537 1232 1600 excussisse
1251 1534 1440 1601 dicerentur.
1477 1535 1591 1600 Kirch-

388 1629 479 1703 haffius
499 1662 626 1724 quoque
645 1642 723 1706 olim
742 1641 853 1705 eodem
872 1640 1019 1725 consilio,
1042 1663 1082 1704 ne
1101 1638 1232 1717 ἐλπίδες
1250 1664 1340 1725 spem
1359 1643 1487 1728 fugasse
1505 1643 1591 1707 ride·

389 1749 620 1832 maturantem
642 1749 797 1833 appellari
820 1748 947 1832 maluit,
975 1769 1072 1832 quam
1097 1770 1194 1833 supra
1217 1747 1260 1834 (v.
1279 1748 1361 1836 456)
1383 1749 1515 1836 Megara
1537 1749 1591 1814 ad·

388 1845 471 1917 locuta
489 1859 554 1918 erat
578 1851 604 1920 ὦ
627 1866 728 1939 μοῖρα
751 1852 942 1921 δυστάλαιν’
969 1853 1031 1939 ἐμή
1053 1855 1165 1920 τεκαὶ
1188 1855 1324 1938 τέκνων,
1347 1879 1433 1922 nunc
1456 1862 1493 1921 ut
1511 1858 1595 1922 haec

386 1951 479 2023 taret
504 1957 520 2043 ἦ
548 1963 636 2028 πολύ
660 1985 700 2046 με
722 1971 780 2045 τῆς
803 1960 868 2026 τότ’
897 1961 1069 2040 ἐξέπαισας
1092 1961 1234 2038 ἐλπίδος.
1270 1961 1347 2026 Non
1370 1986 1532 2029 moramur
1555 1966 1589 2028 in

384 2057 426 2125 lis
445 2067 646 2151 expendendis
670 2068 901 2152 conaminibus,
927 2090 1064 2152 quorum
1087 2067 1221 2133 libertas
1243 2069 1327 2133 nihil
1346 2076 1487 2135 autnon
1508 2073 1591 2135 mul-

383 2169 442 2236 lum
458 2175 686 2257 probabilitatis
709 2175 820 2240 habet:
844 2175 878 2239 id
900 2197 1001 2239 unum
1025 2196 1239 2240 memoramus
1262 2197 1328 2240 uon
1352 2177 1420 2240 sine
1443 2178 1590 2260 consilio,

384 2277 447 2355 quia
471 2281 561 2346 semel
593 2286 627 2347 et
654 2284 770 2347 iterum
799 2283 833 2347 in
860 2282 900 2346 iis
929 2282 1118 2347 emendandi
1147 2303 1243 2347 causa
1271 2281 1405 2359 ἐλπίδος
1432 2283 1587 2369 singulari
1602 2308 1629 2349 io

384 2399 434 2460 pro
452 2386 567 2466 ἐλπίδες
588 2391 768 2474 repositum
791 2394 849 2473 est,
871 2389 954 2453 nihil
976 2389 1168 2453 familiarius
1186 2388 1286 2453 fuisse
1304 2393 1361 2454 aut
1379 2390 1455 2454 huic
1474 2394 1588 2474 poetae

386 2493 431 2552 lul
449 2496 506 2560 aliis
528 2519 625 2581 quam
650 2497 785 2573 ἐλπίδας
807 2496 975 2581 pluraliter
999 2496 1054 2561 sed
1076 2495 1166 2561 nullo
1187 2497 1313 2560 numeri
1333 2497 1516 2562 discrimine
1535 2521 1589 2582 ap-

387 2596 486 2674 pellare.
518 2601 612 2680 Quod
636 2625 712 2668 vero
737 2602 868 2681 ἐλπίδες
890 2604 1042 2668 dicuntur
1064 2602 1229 2690 Megaram
1253 2625 1292 2667 ex
1316 2604 1468 2688 opinione
1492 2627 1588 2689 quam

392 2716 542 2793 eruperat
565 2711 728 2795 deiecisse,
751 2711 785 2775 id
801 2709 962 2776 Hirzelius
987 2711 1114 2794 quidem
1139 2711 1339 2794 superiorum
1359 2711 1506 2795 exemplo
1525 2711 1589 2776 for·

394 2805 448 2875 liter
471 2818 543 2882 ‘non
578 2819 684 2882 solum
716 2817 784 2882 sine
811 2818 936 2883 ratione
963 2818 1019 2881 sed
1048 2817 1145 2881 etiam
1174 2821 1286 2882 contra
1313 2818 1486 2882 rationem'
1520 2840 1589 2883 ease

396 2913 535 3008 struant,
558 2948 671 2990 verum
690 2924 863 3010 Hauptius,
885 2925 1031 3008 poeticae
1053 2925 1207 2988 orationis
1229 2925 1431 2990 existimator
1451 2925 1589 3005 subtilis,

397 3027 469 3100 poetis
483 3030 540 3097 hoc
559 3053 747 3098 conoessum
765 3037 798 3096 et
816 3031 1056 3097 concedendum
1070 3052 1140 3096 esse
1154 3031 1275 3114 scribit,
1293 3035 1330 3094 ut
1345 3032 1431 3115 quod
1445 3032 1588 3116 speranti

397 3133 506 3202 reciderit
530 3161 621 3225 spem
650 3139 792 3203 affecisse
820 3138 937 3204 dicant.
978 3137 1125 3222 Eamque
1152 3139 1359 3221 senteutiam,
1387 3160 1468 3222 quae
1494 3138 1587 3203 nobis

396 3254 446 3303 vers
465 3245 487 3309 si
511 3246 589 3331 qnid
617 3246 705 3311 aliud
732 3246 801 3310 visa
824 3249 885 3328 est,
913 3266 986 3309 cum
1010 3246 1079 3330 ipse
1101 3266 1166 3309 non
1190 3246 1319 3331 longius
1342 3250 1530 3329 persecutus
1554 3246 1587 3308 in

396 3360 438 3409 ulo
458 3354 635 3438 explicando
659 3352 781 3418 Tibulli
808 3353 881 3418 loeo
909 3374 943 3417 se
971 3354 1181 3437 continuerit,
1209 3354 1278 3418 eius
1300 3354 1361 3417 viri
1385 3353 1523 3439 vestigia
1544 3352 1587 3417 le
1601 3378 1627 3417 aa

394 3458 579 3545 gausperto
598 3459 747 3545 pluribus
766 3460 921 3544 exemplis
940 3459 1101 3525 declarare
1120 3464 1153 3525 et
1171 3460 1359 3525 confirmare
1374 3459 1401 3523 si
1416 3482 1586 3543 possumus

393 3560 546 3632 ambimur.
584 3567 632 3632 Ae
654 3569 795 3651 primum
819 3567 906 3652 quod
929 3565 1165 3651 Aristophanes
1189 3568 1223 3630 in
1246 3566 1587 3650 Thesmophoriazusis

392 3658 459 3755 (870)
478 3675 586 3739 scribit

512 3781 581 3846 ἀλλ’
611 3782 720 3865 ὥσπερ
745 3782 892 3846 αἰκάλλει
916 3805 948 3845 τι
971 3782 1112 3865 καρδίαν
1136 3779 1226 3865 ἐμήν.

511 3891 557 3971 μὴ
582 3898 711 3966 ψεῦσον
733 3884 759 3953 ὦ
786 3893 852 3953 Ζεῦ
874 3899 933 3972 τῆς
956 3886 1113 3971 ἐπιούσης
1136 3886 1270 3964 ἐλπίδος

391 3988 431 4046 ml
446 3996 516 4075 quod
541 3994 718 4079 Sophocles
741 3997 776 4059 in
799 3995 898 4060 Aiace
921 3991 1039 4081 (1382)

673 4104 729 4167 καί
749 4100 784 4185 μ’
809 4100 952 4179 ἔψευσας
975 4100 1109 4177 ἐλπίδος
1131 4103 1232 4184 πολύ,

389 4191 433 4264 l⁰0
451 4213 493 4273 aa
517 4208 615 4274 alicui
638 4231 727 4293 spem
751 4210 975 4273 adventantem
999 4208 1181 4292 praeripere
1206 4209 1258 4272 vel
1281 4207 1392 4271 fallere
1416 4208 1449 4270 iu
1473 4228 1509 4270 ea
1532 4227 1585 4269 ex-

388 4315 548 4386 wadone
571 4339 669 4401 quam
693 4318 766 4401 quis
788 4315 947 4399 habuerit,
971 4314 1003 4379 id
1026 4315 1171 4379 videmus
1195 4315 1230 4378 in
1250 4314 1383 4379 Hecuba
1406 4312 1473 4397 spei
1496 4311 1585 4376 attri-

387 4407 426 4478 bui
441 4419 494 4506 ipsi
516 4422 634 4510 (1032)
1598 4443 1624 4484 so

510 4531 627 4608 ψεύσει
649 4528 681 4595 σ’
707 4529 792 4596 δδοῦ
814 4527 906 4612 τῆσδ’
934 4526 1028 4604 ἐλπὶς
1050 4528 1071 4610 ἥ
1094 4526 1126 4592 o'
1153 4526 1295 4610 ἐπήγαγε

510 4640 702 4723 θανάσιμον
724 4637 807 4721 πρὸς
828 4634 955 4717 Ἀίδαο,
978 4631 1004 4700 ὦ
1026 4637 1135 4711 τάλας.

380 4732 488 4810 lthoe
518 4745 607 4830 quod
638 4766 711 4829 spes
743 4765 803 4808 nos
836 4743 982 4828 decipere
1015 4742 1146 4826 dicitur,
1178 4762 1260 4825 quae
1292 4742 1435 4826 vulgaris
1463 4744 1512 4804 est
1538 4741 1584 4804 lo-

375 4849 588 4936 πεποίησο,
611 4851 639 4917 ai
662 4851 821 4916 curiosius
844 4849 1012 4935 rimamur,
1035 4849 1096 4914 hoc
1124 4847 1331 4934 intelligitur,
1356 4869 1444 4931 spem
1468 4868 1584 4910 vanam

370 4950 455 5023 faeere
483 4960 669 5045 opinionem
701 4979 798 5042 quam
826 4957 898 5042 ipsa
925 4956 1054 5021 dederit.
1096 4954 1184 5031 Quae
1212 4955 1239 5018 si
1268 4955 1377 5038 inepta
1406 4974 1472 5017 non
1500 4957 1584 5034 sunt,

366 5064 431 5147 quid
451 5066 628 5132 diffidimus
652 5064 877 5150 obstupefacti,
903 5063 930 5128 si
954 5086 1027 5147 spes
1050 5062 1167 5127 dicitur
1190 5060 1462 5145 exspectationem
1486 5079 1583 5140 quam

342 5173 422 5259 ripa
455 5173 593 5240 moverit
624 5173 758 5238 auferre.
804 5168 869 5236 Sed
900 5175 1014 5255 poetae
1047 5190 1140 5253 saepe
1171 5168 1274 5233 multo
1307 5166 1457 5230 liberiore
1486 5162 1583 5227 modo

355 5280 448 5347 locuti
476 5285 565 5364 aaut,
593 5281 684 5345 velut
711 5300 793 5364 quae
815 5277 986 5362 Polynices
1014 5277 1049 5340 in
1070 5274 1257 5340 Phoenissis
1281 5271 1376 5359 (634)
1405 5271 1439 5334 in
1465 5267 1583 5333 valedi-

350 5388 447 5455 cendo
469 5389 517 5453 ait

1317 5482 1368 5534 ιτ*
