3925 6675
428 1157 494 1221 294
592 1157 715 1208 XLVIII.
734 1155 850 1206 INDEX
868 1153 1082 1206 LECTIONUM
1100 1153 1340 1206 HIBERNARUM
1361 1153 1493 1222 leuasse.

427 1320 516 1385 moni
540 1317 686 1403 quamvis
709 1338 767 1400 per
789 1337 824 1381 se
846 1315 943 1400 plano
966 1335 1003 1380 eo
1026 1315 1195 1401 perspicuo
1218 1315 1303 1380 idem
1324 1314 1465 1400 propriis
1484 1315 1590 1381 verbis
1607 1315 1664 1380 ad-

427 1427 549 1509 iioitur,
578 1424 665 1509 quod
692 1428 762 1489 eret
788 1421 869 1486 illud
897 1423 1034 1487 alterum
1062 1443 1164 1508 genus
1191 1421 1418 1504 abundantiae,
1447 1443 1485 1487 eo
1513 1425 1662 1508 exemplo

427 1531 574 1596 videmur
602 1529 698 1595 nobis
726 1529 882 1613 quaedam
910 1550 992 1612 quae
1020 1532 1096 1593 sunt
1123 1528 1208 1614 apud
1235 1527 1403 1595 Platonem
1431 1552 1450 1594 ο
1476 1529 1662 1594 criticorum

427 1638 555 1704 iniuriis
582 1637 682 1702 tutari
709 1657 812 1721 posse.
849 1635 978 1701 Etenim
1008 1635 1094 1700 haud
1122 1657 1212 1702 rarae
1239 1639 1316 1700 sunt
1343 1635 1377 1700 in
1400 1633 1546 1702 Platonis
1568 1635 1662 1702 libris

427 1744 527 1810 simili
558 1744 655 1810 modo
686 1743 844 1809 formatae
876 1744 1068 1826 sententiae,
1099 1765 1236 1827 querum
1268 1742 1385 1808 bonam
1413 1747 1538 1828 partem
1565 1741 1662 1810 Hert

427 1874 541 1918 manus
564 1851 727 1936 inprimis,
750 1851 952 1934 superiorum
975 1853 1155 1914 commenta
1179 1871 1252 1915 eum
1275 1850 1341 1914 suis
1365 1851 1564 1934 complexus,
1587 1872 1663 1936 pro-

427 1960 540 2025 batam
560 1958 621 2023 ivit
639 1957 842 2042 importunae
860 1956 1116 2042 magistellornm
1135 1955 1300 2022 sedulitati
1318 1960 1481 2041 aeeeptsm
1500 1955 1585 2040 ferri,
1604 1953 1662 2040 qul

427 2090 447 2131 a
463 2065 600 2130 Platone
623 2068 757 2129 venuste
776 2064 938 2148 expositas
957 2063 1114 2150 imagines
1134 2063 1401 2148 metaphorasque
1420 2063 1500 2129 seito
1518 2063 1663 2146 selectus,

427 2171 668 2258 perspicuitatis
698 2192 795 2237 eausa
822 2169 940 2235 additis
969 2191 1050 2254 quae
1078 2169 1252 2235 desiderari
1280 2169 1478 2254 riderentur,
1505 2169 1663 2236 deforma-

388 2307 415 2348 ιο
427 2281 533 2346 verint
560 2279 872 2363 deturpaverintque.
909 2275 986 2341 Non
1013 2297 1184 2362 possumus
1211 2277 1361 2362 persequi
1389 2277 1498 2342 omnis
1520 2299 1601 2362 quae
1626 2278 1661 2342 in

427 2387 490 2452 hoo
512 2407 627 2472 genere
646 2385 697 2449 vir
715 2384 838 2464 doetus,
860 2405 959 2469 sagax
978 2384 1101 2469 ingenii
1120 2382 1289 2449 (lobetiani
1308 2385 1461 2468 aemulus,
1480 2385 1658 2470 temptavit.

427 2491 492 2558 Sed
515 2494 690 2577 specimina
715 2491 872 2576 quaedem
895 2491 1000 2556 denda
1023 2495 1111 2574 stent,
1138 2513 1203 2575 quo
1226 2491 1329 2578 magis
1353 2512 1454 2578 genus
1478 2491 1584 2576 ipsum
1608 2492 1659 2556 de-

426 2600 573 2685 claretur,
595 2600 693 2664 simul
711 2599 845 2684 patefiat
862 2598 950 2663 eeoui
970 2599 1056 2664 bono
1075 2597 1173 2663 fuerit
1192 2621 1211 2663 a
1230 2596 1323 2664 nobis
1342 2599 1442 2663 assita
1461 2599 1658 2683 comparatio

426 2729 536 2772 versus
558 2705 797 2792 Aristophanei.
833 2704 924 2792 Ergo
943 2705 1083 2791 primum
1102 2704 1164 2770 hoe
1181 2705 1344 2770 offerimus
1363 2703 1401 2770 de
1421 2703 1548 2791 Gorgia,
1572 2706 1659 2789 qnod

426 2813 624 2880 Hartmanus
647 2837 677 2899 p.
697 2814 740 2878 53
764 2813 944 2898 proposuit,
967 2812 1053 2877 idem
1076 2833 1187 2877 rursus
1206 2835 1237 2897 p.
1257 2813 1309 2877 76.
1346 2811 1444 2876 (luins
1463 2810 1561 2876 verbs
1579 2811 1659 2878 haee

425 2926 508 2986 sunt.
547 2921 731 2986 ‘Miserrimi
762 2922 808 2985 sit
836 2918 983 2984 Socrates
1012 2919 1035 2983 ii
1063 2922 1139 2983 sunt
1167 2921 1222 3004 qni
1251 2920 1376 3005 magmis
1400 2918 1566 2984 meleficiis
1589 2942 1660 3004 per-

425 3029 562 3113 petratis
588 3051 629 3094 ne
656 3049 776 3113 poenes
804 3028 905 3091 iustas
934 3027 1047 3090 darent
1075 3025 1292 3092 obtinuerunt.
1330 3025 1427 3091 esea
1451 3025 1573 3110 σχεδόν
1594 3027 1659 3109 γάρ

424 3157 491 3200 που
519 3129 613 3202 οὗτοι
641 3136 679 3199 τὸ
707 3134 788 3198 αὐτὸ
817 3132 1098 3218 διαπεπραγμένοι
1126 3135 1228 3216 εἰσίν,
1255 3133 1365 3218 ὥσπερ
1394 3131 1436 3198 διν
1464 3133 1566 3210 εἴτις
1588 3144 1662 3210 τοῖς

425 3243 593 3327 μεγίστοις
624 3245 788 3324 νοσήμασι
820 3244 1041 3325 συνεχόμενος
1074 3241 1289 3325 διαπράξαιτο
1321 3241 1365 3325 μή
1398 3241 1530 3306 διδόναι
1560 3241 1659 3324 δίκην

385 3376 412 3417 ro
425 3360 494 3415 τῶν
515 3351 590 3435 περὶ
613 3350 650 3414 τὸ
673 3360 767 3432 σῶμα
790 3347 1029 3432 ἁμαρτημάτων
1052 3360 1122 3425 τοῖς
1145 3350 1279 3433 ἰατροῖς.
1315 3347 1468 3414 Potuitne
1492 3350 1658 3413 venustius

424 3456 549 3540 aliquid
575 3456 640 3520 diei
667 3476 764 3539 quam
791 3454 867 3519 hoe:
895 3455 1039 3541 “poenas
1067 3477 1132 3521 non
1160 3456 1234 3519 dare
1262 3454 1440 3521 medicis”?
1472 3452 1557 3521 Male
1580 3476 1657 3541 ergo

425 3563 469 3627 sit
500 3561 683 3649 magistello
716 3564 773 3647 qui
805 3562 893 3627 illam
925 3565 1127 3627 venustatem
1154 3562 1374 3647 pessumdedit
1401 3561 1546 3627 addendo
1574 3562 1657 3646 μηδὲ

425 3669 659 3755 ἰατρεύεσθαι]
693 3667 782 3734 Haeo
804 3669 867 3734 ille.
901 3666 1014 3753 Neque
1033 3668 1165 3734 dubium
1185 3674 1234 3735 est
1254 3670 1333 3753 quin
1351 3668 1455 3752 Plato,
1479 3690 1560 3755 quos
1579 3668 1657 3734 dioit

424 3776 510 3842 nolle
538 3797 658 3860 poenas
686 3775 760 3840 dare
782 3775 914 3841 medieis
937 3779 1141 3861 peecatorum
1165 3778 1318 3861 eorporis,
1341 3777 1428 3841 nolle
1451 3798 1485 3841 se
1508 3778 1614 3841 sanari
1638 3800 1657 3841 a

424 3882 557 3949 modieis
580 3883 680 3965 dieat,
706 3904 766 3948 nee
794 3905 858 3967 quo
882 3883 987 3970 magis
1010 3882 1268 3968 intelligerentur
1291 3882 1332 3949 ad
1355 3882 1511 3948 translata
1534 3882 1590 3947 illa
1611 3885 1656 3968 μή

425 3992 558 4057 διδόναι
586 3991 686 4074 δίκην
710 4002 782 4068 τοῖς
808 3992 934 4075 ἰατροῖς
961 4010 1091 4055 neeesse
1118 3993 1187 4055 erat
1214 3990 1287 4055 addi
1315 3990 1396 4055 haee
1418 3990 1550 4075 propria
1572 3988 1694 4075 μηδδσ

424 4099 647 4184 ἰατρεύεσθαι.
685 4097 806 4162 Verum
835 4096 899 4161 hoo
925 4095 1004 4181 quid
1027 4095 1115 4161 aliud
1137 4102 1187 4161 est
1211 4119 1307 4181 quam
1331 4096 1418 4181 quod
1441 4097 1475 4163 in
1501 4096 1657 4163 Eoolesia-

423 4207 508 4270 ansis
541 4204 779 4272 adolescentula
810 4204 887 4269 feeit
917 4226 991 4268 enm
1019 4203 1059 4267 ad
1087 4201 1153 4290 ᾤου
1181 4201 1302 4289 ἐρήμας
1328 4206 1507 4289 τρυγήσειν
1534 4202 1657 4269 addidit

423 4311 654 4397 προσάξεσθαί
673 4311 772 4377 reos?
807 4310 852 4375 ut
874 4308 971 4375 huius
995 4311 1133 4375 orationi
1157 4311 1309 4395 quoniam
1332 4332 1406 4396 pars
1425 4310 1515 4376 nulls
1533 4310 1654 4376 abscidi

383 4443 411 4484 ιο
424 4420 545 4502 potest,
572 4439 680 4483 nonne
702 4416 926 4482 eunotabimur
947 4415 1078 4482 Platoni
1102 4416 1224 4501 eripere
1248 4416 1335 4501 quod
1358 4417 1426 4503 pari
1451 4418 1586 4483 oonsilio
1610 4418 1655 4483 in·

424 4526 576 4589 stitutum
607 4524 679 4589 est?
720 4520 775 4588 sio
806 4544 866 4588 nos
899 4523 1115 4588 sentiebamus
1148 4524 1225 4588 dum
1254 4544 1335 4608 quae
1362 4526 1534 4610 proposuit
1561 4524 1655 4589 Hert

423 4652 537 4695 manus
564 4629 776 4715 perspicimus
803 4634 837 4695 et
863 4628 902 4693 ad
930 4652 1057 4695 versum
1082 4628 1355 4714 Aristophaneum
1379 4629 1555 4697 referimus.
1593 4630 1656 4697 Sed

423 4737 474 4800 vir
497 4736 611 4804 doetus
641 4736 728 4802 haud
750 4758 822 4801 raro
845 4734 1005 4823 particula
1028 4758 1067 4800 ex
1090 4736 1248 4823 ampliore
1267 4736 1413 4802 Platonis
1436 4738 1582 4805 oratione
1605 4736 1655 4803 de-

423 4843 532 4927 libata
556 4845 591 4909 in
614 4865 651 4908 ee
675 4843 752 4928 quid
775 4844 912 4908 nimium
929 4842 1028 4907 fuerit
1046 4842 1248 4928 ooeroerique
1268 4848 1424 4929 oporteat,
1448 4844 1657 4929 demonstrat,

423 4970 518 5035 saepe
544 4972 610 5015 non
638 4951 707 5016 sine
729 4950 959 5035 probabilitate
981 4949 1014 5015 id
1038 4950 1181 5035 quidem,
1211 4950 1266 5016 sed
1289 4956 1326 5016 ut
1349 4974 1418 5016 enm
1442 4952 1564 5018 nutam
1587 4974 1656 5019 esse

423 5063 577 5143 appareat
594 5056 651 5123 ubi
669 5056 788 5122 librum
806 5058 913 5141 ipsum
927 5058 1085 5122 evolveris
1101 5061 1134 5121 et
1146 5062 1252 5123 totum
1266 5059 1497 5125 sententiarum
1512 5064 1655 5125 tenorem

422 5168 610 5249 persecutus
637 5164 746 5230 fueris.
784 5164 883 5229 Velut
909 5164 971 5229 hoo
999 5164 1070 5228 loeo
1099 5186 1170 5229 oum
1195 5186 1299 5231 sermo
1324 5166 1385 5231 iste
1408 5166 1441 5231 in
1466 5162 1586 5255 Gorgia
1608 5166 1656 5233 sio

424 5270 572 5337 deennat

585 5380 717 5464 Σχεδὸν
750 5381 812 5463 γάρ
845 5401 912 5443 που
944 5372 1038 5443 οὗτοι
1070 5378 1107 5442 τὸ
1140 5376 1220 5443 αὐτὸ
1249 5378 1530 5465 διαπεπραγμένοι
1559 5381 1656 5463 εἰσιν,
