3925 6675
387 1110 456 1174 442
622 1112 679 1163 LV.
698 1111 815 1162 mnnx
832 1111 1047 1164 LECTIONUM
1064 1110 1297 1164 AESTIVARUM
1316 1113 1384 1162 1902

478 1272 540 1338 His
555 1274 710 1359 expositis
723 1274 861 1338 fortasse
874 1273 1042 1358 continget
1054 1275 1092 1338 ut
1105 1293 1233 1337 versum
1243 1270 1516 1356 Aristophaneum
1526 1292 1622 1357 quem

388 1402 487 1465 supra
506 1380 675 1445 citavimus
694 1381 814 1446 certius
833 1401 930 1464 quam
948 1379 1053 1444 adhuc
1071 1377 1193 1444 fectum
1212 1383 1261 1444 est
1278 1379 1319 1443 ad
1337 1379 1556 1464 integritatem
1575 1401 1623 1445 re·

389 1507 550 1552 vocemus.
595 1485 718 1552 Versus
746 1487 832 1551 enim
854 1485 1012 1571 Equitum
1036 1486 1092 1571 32,
1122 1507 1217 1570 quern
1246 1485 1324 1550 libri
1346 1483 1502 1550 exhibent
1523 1497 1623 1552 cotos

390 1593 521 1679 βρέτας;
545 1592 637 1659 ἐτεὸν
659 1592 735 1677 ἡγεῖ
754 1595 818 1679 γὰρ
841 1593 959 1672 θεούς;
982 1591 1064 1678 pede
1085 1593 1192 1658 minor
1214 1597 1263 1658 cst
1281 1595 1315 1657 et
1337 1591 1401 1657 sibi
1419 1613 1530 1658 rocem
1549 1591 1623 1658 addi

389 1701 424 1764 in
447 1701 552 1766 media
573 1707 665 1786 parte
687 1701 800 1784 poscit.
846 1697 909 1764 Sed
934 1701 1010 1784 quia
1033 1700 1192 1766 sententia
1214 1699 1310 1784 plena
1333 1703 1390 1783 est,
1414 1699 1460 1764 sie
1482 1701 1520 1764 ut
1540 1697 1623 1764 nihil

389 1806 595 1885 desideretur,
619 1812 869 1873 consentaneum
892 1810 955 1889 est,
982 1807 1072 1872 nullo
1097 1806 1176 1872 duee
1200 1806 1310 1893 vagari
1333 1805 1445 1871 doctos
1469 1810 1501 1870 et
1523 1805 1623 1872 ambi·

389 1934 465 1999 gere
489 1914 528 1979 de
551 1915 768 1999 supplementi
791 1913 924 1978 ratione.
960 1911 1112 1998 Plerique
1135 1915 1191 1997 qni
1214 1913 1290 1978 hnic
1311 1913 1416 1977 versui
1439 1933 1622 1979 succurrere

390 2019 584 2087 studuerunt
610 2020 652 2085 ad
677 2033 777 2087 ποῖον
803 2019 922 2105 βρέτας
948 2019 1024 2084 eddi
1051 2019 1223 2086 voluerunt
1251 2019 1336 2105 quod
1363 2040 1437 2085 cnm
1464 2021 1623 2086 sententia

391 2149 519 2194 versum
541 2127 693 2212 expleret.
731 2125 794 2192 Sed
814 2149 896 2211 quae
919 2129 955 2192 in
976 2126 1062 2192 hanc
1083 2131 1209 2212 partem
1232 2127 1399 2212 proposita
1417 2131 1500 2210 sunt,
1523 2137 1623 2192 notos*

349 2266 377 2306 ια
391 2233 510 2322 βρέτας
527 2230 632 2318 εἶπας,
653 2246 754 2301 ποῖον
771 2233 901 2318 βρέταςς
925 2235 1037 2318 φράζε,
1060 2233 1111 2300 vel
1130 2234 1159 2298 si
1178 2234 1249 2317 quis
1268 2234 1309 2299 sd
1326 2232 1494 2318 Euripidei
1512 2255 1623 2300 versus

389 2342 526 2408 formam
546 2363 645 2426 supra
662 2341 754 2406 allati
772 2340 904 2406 suadeat
921 2353 1022 2407 colec
1039 2338 1158 2428 βρέτας
1177 2343 1254 2426 φής,
1277 2341 1415 2424 denique
1434 2351 1533 2406 ποῖον
1551 2339 1622 2423 βρέ-

390 2473 449 2526 τας
461 2451 557 2533 πρέςς
575 2454 613 2514 ut
626 2449 793 2513 mittamus
811 2449 875 2514 alia
889 2449 967 2514 olim
984 2449 1172 2529 coniectata,
1190 2449 1270 2514 haec
1284 2448 1393 2513 omnia
1405 2469 1484 2512 usus
1498 2449 1623 2512 curiose

389 2558 576 2640 exploratus
599 2556 731 2641 probari
753 2577 820 2620 non
841 2577 937 2641 posse
958 2555 1085 2620 clamat.
1122 2554 1208 2620 Nam
1233 2557 1326 2640 plene
1349 2559 1381 2620 et
1403 2554 1552 2620 absoluto
1574 2559 1624 2620 est

390 2663 455 2728 iata
481 2664 584 2728 oratio
611 2673 710 2729 ποῖον
737 2660 870 2747 βρέτας,
897 2684 980 2747 quae
1007 2662 1126 2748 pendet
1153 2683 1172 2726 a
1195 2661 1414 2748 superioribus
1442 2683 1545 2746 nsque
1569 2666 1624 2728 aut

391 2769 525 2835 verbum
544 2773 601 2835 aut
618 2771 888 2856 praepositionem
908 2769 971 2834 sibi
990 2769 1063 2834 eddi
1083 2769 1217 2855 flagitat.
1250 2767 1436 2854 Appellatio
1455 2767 1501 2834 ibi
1517 2771 1624 2835 locum

390 2876 509 2942 habere
536 2878 658 2962 potnit,
691 2877 759 2942 sire
785 2899 823 2940 ea
850 2897 948 2960 quam
974 2875 1143 2941 Dobraeus
1171 2875 1308 2941 coniecit
1334 2887 1434 2942 ποῖον
1457 2875 1575 2960 βρέτας
1597 2872 1623 2942 ὦ

389 2993 462 3067 τᾶν,
476 2985 543 3049 sive
562 2984 635 3068 quis
653 2984 810 3049 coniicere
828 2984 920 3048 malit
938 2993 1037 3048 ποῖον
1055 2981 1174 3067 βρέτας
1192 2993 1280 3066 μῶρε
1300 2981 1453 3049 suadente
1471 2983 1528 3048 illa
1542 3005 1623 3068 quae

389 3096 441 3155 est
462 3115 492 3156 v.
513 3091 576 3156 162
605 3087 631 3156 ὦ
658 3101 747 3176 μῶρε
770 3091 869 3166 ποίας
890 3093 1033 3174 κοιλίας,
1061 3111 1166 3174 neque
1189 3091 1274 3154 enim
1297 3100 1386 3172 μῶρε
1409 3089 1514 3155 minus
1538 3093 1623 3156 recte

391 3219 489 3282 quam
512 3191 539 3263 ol
561 3209 651 3283 μῶρε
673 3197 737 3262 dici
758 3201 872 3262 notum
895 3201 952 3262 est.
1000 3194 1063 3262 Sed
1085 3196 1166 3262 illud
1190 3195 1379 3262 clementius
1402 3198 1499 3282 paulo
1523 3219 1542 3260 a
1562 3195 1623 3262 De·

350 3330 378 3373 so
392 3304 559 3371 mosthene
586 3305 748 3390 prolatum
775 3302 904 3369 videtur
929 3325 990 3388 pro
1018 3325 1056 3369 es
1084 3323 1180 3389 quam
1208 3302 1306 3369 habet
1333 3305 1504 3389 sententia,
1533 3315 1623 3389 μῶρε

391 3416 498 3477 autem
521 3412 549 3477 si
572 3416 641 3477 erat
664 3411 834 3495 adiectum,
855 3410 918 3475 hoc
940 3432 1007 3475 non
1025 3414 1153 3495 poterat
1170 3432 1236 3475 non
1254 3412 1436 3498 argumenti
1454 3414 1526 3477 loco
1544 3432 1622 3495 ease,

390 3519 443 3583 cui
457 3518 511 3583 vix
529 3518 764 3602 exspectaveris
781 3539 878 3603 super
895 3517 971 3582 eddi
989 3520 1104 3583 seriam
1119 3518 1405 3604 interrogationem
1420 3518 1515 3584 istam
1530 3518 1623 3585 ἐτεὸν

390 3625 465 3708 ἡγεῖ
491 3625 554 3708 γὰρ
582 3624 697 3709 tectim
725 3622 830 3699 Quare
856 3626 956 3690 missa
981 3626 1043 3690 hac
1072 3630 1163 3710 parts
1190 3625 1341 3690 abeamus
1370 3626 1402 3689 in
1430 3626 1563 3691 alteram
1586 3630 1623 3690 ut

390 3750 582 3814 quaeramus
605 3731 722 3814 ecquid
744 3730 790 3795 ibi
808 3730 972 3817 praemitti
991 3736 1065 3816 apte
1083 3731 1234 3816 potuerit.
1271 3730 1310 3796 ln
1328 3730 1412 3797 hanc
1430 3732 1623 3797 sententiam

391 3837 571 3902 Meinelxius
598 3838 769 3923 proposuit
797 3850 898 3905 ποῖον
923 3838 1055 3923 βρέταςς
1089 3835 1171 3923 φέρ’
1200 3837 1292 3904 ἐτεὸν
1319 3838 1392 3922 ἡγεῖ
1419 3840 1482 3923 γὰρ
1509 3839 1623 3919 θεούς,

390 3944 477 4029 quod
501 3945 619 4010 mirum
642 3948 692 4010 est
714 3968 734 4009 a
756 3944 907 4024 Zaohero‚
932 3966 1006 4011 cum
1029 3947 1132 4011 multa
1154 3966 1236 4010 vans
1258 3950 1291 4010 et
1317 3945 1496 4011 reiectanea
1517 3966 1622 4011 recen·

389 4056 469 4133 seat,
490 4074 531 4118 ne
554 4054 857 4118 commemoratione
879 4052 1009 4137 quidem
1033 4052 1166 4138 dignum
1189 4052 1311 4117 baberi.
1357 4050 1419 4117 Sed
1442 4050 1622 4118 hleinekius

390 4164 429 4223 ut
459 4162 564 4225 solent
595 4160 706 4246 magni
737 4159 842 4224 critici
869 4160 936 4223 suis
964 4158 1206 4245 opinationibus
1234 4159 1347 4225 conlisi
1375 4159 1555 4242 expositam
1578 4158 1622 4236 ὡς

390 4267 493 4331 παῖδα
516 4267 732 4332 coniecturam
756 4265 906 4329 destituit
926 4286 1031 4349 neque
1055 4266 1225 4351 quiequam
1244 4266 1285 4331 ad
1307 4286 1377 4331 eam
1396 4264 1622 4331 stabiliendam

348 4398 377 4441 so
390 4372 502 4437 attulit
518 4373 582 4438 nisi
598 4371 702 4437 orlP’
715 4377 790 4438 ante
803 4372 936 4437 ETEoc
948 4371 1043 4437 facile
1057 4372 1165 4437 omitti
1184 4372 1353 4437 scribentis
1372 4372 1451 4436 vitio
1470 4373 1622 4457 potuisse.

392 4478 515 4555 Quodsi
537 4481 757 4564 exemplorum
780 4478 868 4543 nube
890 4478 1060 4564 docuisset,
1084 4482 1205 4564 quanto
1230 4500 1325 4564 opere
1344 4500 1415 4543 moa
1433 4476 1623 4564 Aristopha-

391 4607 471 4650 neus
499 4584 744 4671 interrogationi
770 4584 983 4670 praemissum
1012 4584 1093 4671 φέρε
1115 4586 1251 4670 foveret,
1279 4585 1351 4670 quis
1379 4608 1445 4651 non
1467 4585 1623 4653 ambabus

390 4692 475 4756 hanc
494 4692 722 4757 correctionem
741 4692 938 4777 arripuisset,
956 4712 1021 4777 qua
1039 4714 1151 4757 versus
1169 4714 1301 4757 mancus
1320 4694 1498 4777 suppletur,
1519 4694 1623 4760 oratio

391 4802 499 4863 autem
521 4797 611 4863 nulls
637 4803 729 4884 parta
756 4800 938 4865 cumulatur
964 4800 1021 4864 sed
1048 4804 1185 4885 angetur
1211 4804 1338 4865 tantum
1361 4822 1399 4865 eo
1428 4801 1515 4885 quod
1538 4804 1623 4866 recte

390 4904 466 4970 addi
493 4927 570 4971 usus
598 4910 795 4971 monstratus
819 4906 915 4971 fidem
938 4904 1026 4972 iacit.
1071 4905 1161 4992 Elrgo
1185 4907 1248 4973 hoc
1274 4908 1400 4993 agimus
1423 4910 1460 4972 ut
1483 4906 1623 4973 alienum

392 5010 517 5095 βρέφος
535 5016 646 5078 nostra
664 5034 740 5078 cura
757 5016 904 5079 tueamur
922 5018 955 5078 et
972 5034 1140 5080 cassamus
1158 5034 1199 5078 ne
1217 5013 1316 5081 semel
1330 5018 1443 5079 natum
1457 5012 1623 5101 indignam

393 5119 427 5183 in
451 5118 648 5185 oblivionem
671 5119 818 5185 reccidat.

481 5226 592 5311 nquit.
613 5226 676 5292 145
735 5226 833 5311 φέρε
855 5236 921 5293 ποῦ
944 5228 1005 5293 τὸν
1028 5228 1134 5311 ἄνδρα
1157 5236 1279 5294 τοῦτον
1301 5226 1533 5313 έξευρήσομεν;

482 5331 621 5399 Acharn.
641 5334 705 5399 541
737 5332 821 5418 φέρ’
847 5336 879 5399 εἰ
901 5334 1175 5418 Λακεδαιμονίαν
1196 5358 1247 5411 τις
1270 5332 1448 5412 ἐκπλεύσας
1472 5334 1591 5419 σκάφει
