3925 6675
551 1122 650 1175 Accu
666 1123 717 1175 DE
736 1114 936 1175 COMOEDIIS
954 1122 1146 1174 PLAUTINIS
1164 1113 1342 1173 MEMORIA.
1505 1118 1571 1184 409

302 1274 587 1349 desiderabatur.
617 1280 747 1369 -N'eque'
766 1284 851 1348 enim
880 1285 959 1348 satis
987 1288 1059 1348 tuto
1084 1283 1207 1367 proprii
1232 1283 1310 1368 quid
1332 1287 1388 1348 eut
1410 1283 1572 1367 peculiare

292 1401 351 1446 0¹
411 1382 449 1456 eu
470 1413 505 1456 re
533 1390 673 1456 efficitur
701 1413 782 1475 quae
810 1390 945 1455 dubium
973 1412 1040 1456 non
1068 1397 1117 1455 est
1145 1391 1224 1474 quin
1252 1412 1454 1455 communem
1477 1412 1571 1455 usum

285 1500 493 1563 sermonis
517 1497 624 1564 Latini
648 1503 808 1582 sequetur.
846 1497 955 1564 Poetis
978 1499 1030 1562 vel
1053 1497 1131 1561 teliu
1153 1499 1355 1580 placuerunt:
1378 1497 1516 1562 Horatio
1537 1495 1571 1561 0.

279 1610 342 1658 IV
386 1604 430 1689 8,
446 1606 490 1670 22
516 1607 596 1688 perid
618 1607 699 1688 soret
721 1605 809 1670 Iliae
832 1606 1048 1688 Mavortisque
1064 1626 1147 1687 puer
1168 1606 1198 1670 si
1220 1607 1420 1669 taciturnitas
1442 1604 1574 1669 obstaret

278 1713 458 1778 merim
479 1713 592 1778 invida
614 1712 781 1778 Romuli:
805 1713 884 1777 sutis
908 1715 978 1775 erat
1000 1715 1075 1791 eius,
1099 1712 1154 1776 sed
1179 1733 1273 1795 quem
1297 1716 1371 1776 ante
1393 1712 1574 1795 descripsit,

277 1806 415 1883 dein
439 1820 570 1885 nomine
597 1818 751 1904 appellat,
778 1819 960 1903 iniuriaque
988 1818 1194 1883 Hermunnus
1220 1816 1573 1905 (relet.Lips.1282)

278 1912 480 2005 Ronrdi,
508 1948 548 1990 ne
576 1925 626 1991 bis
653 1927 738 1991 idem
762 1926 934 2012 diceretur,
961 1926 1150 1991 mutandum
1174 1927 1312 2008 censuit,
1339 1929 1425 1990 recte
1449 1927 1573 2008 accepit

272 2017 505 2099 Bentleius
532 2033 573 2098 nd
596 2032 629 2098 0.
649 2051 662 2097 1
682 2033 716 2118 l,
735 2033 793 2117 273
820 2032 923 2117 Epod.
944 2033 978 2114 3,
998 2033 1018 2097 9
1042 2040 1076 2097 ut
1098 2034 1302 2115 Arpanoutas
1318 2039 1445 2114 praeter
1467 2051 1572 2098 omnes
1597 2044 1599 2049 ⁴

282 2140 510 2206 midan
542 2141 659 2206 Medea
690 2143 808 2206 mirata
839 2147 882 2206 est
914 2141 1059 2220 ducem,
1092 2143 1199 2222 ipnota
1230 2143 1332 2205 tauris
1363 2140 1572 2221 inlipoturum

285 2236 416 2324 fuya
426 2248 578 2331 peruincit
595 2247 650 2313 boe
668 2248 857 2313 Iasonem:
880 2268 953 2312 cum
971 2269 1031 2312 neo
1049 2269 1165 2311 nomen
1185 2248 1352 2331 proprium
1371 2268 1475 2330 neque
1493 2267 1569 2310 vero
1584 2270 1614 2310 ro

288 2362 516 2425 pronomen
535 2354 714 2418 addendum
734 2359 831 2437 esset3
849 2352 980 2418 Tibullo
996 2371 1008 2417 1
1026 2356 1053 2437 1,
1071 2352 1110 2417 18
1119 2356 1316 2436 petrosisque
1329 2352 1438 2418 ruber
1451 2358 1571 2418 crestae

281 2466 472 2529 ΡΟΜΜ·
493 2462 531 2526 in
552 2460 658 2540 metis,
683 2467 796 2526 terreat
816 2467 852 2526 ut
872 2481 967 2527 sacua
987 2462 1070 2543 falce
1093 2460 1261 2543 Priapus
1284 2482 1362 2526 aves.
1401 2458 1464 2525 Sed
1487 2460 1572 2524 idem

293 2567 426 2641 quod
452 2571 567 2652 poetae
591 2568 784 2653 scriptorum
809 2568 1007 2633 consuetudo
1030 2568 1193 2653 probavit,
1220 2590 1462 2652 nonnumquam
1487 2569 1572 2631 eriti-

293 2680 449 2739 eornrn
472 2675 601 2740 iniuriis
621 2674 841 2741 condemnate.
876 2674 969 2752 Quod
987 2697 1090 2762 genus
1109 2675 1239 2740 Tacitus
1259 2676 1372 2741 scribit
1391 2675 1463 2740 dial.
1483 2697 1507 2737 c.
1531 2674 1571 2737 13

282 2781 469 2858 mulus
485 2783 541 2864 oui
559 2782 679 2847 auddis
697 2783 732 2846 in
750 2781 867 2847 theatro
883 2783 992 2865 Virpi
996 2783 1043 2847 lii
1061 2783 1197 2848 cummis
1215 2784 1352 2847 surrexit
1368 2784 1573 2847 universueet

289 2875 419 2954 f⁰rte
429 2883 883 2972 paumum'speoauonqoe
898 2889 1104 2972 Virpilium
1117 2896 1279 2954 ueneratus
1293 2895 1351 2954 est:
1371 2911 1445 2953 nem
1460 2889 1572 2953 abesse

292 2998 456 3060 ¹¹01nen
471 2997 574 3060 ultera
598 2995 669 3062 loco
693 2998 802 3081 poluit
820 3001 853 3061 et
871 2997 1032 3061 deletura
1050 2996 1229 3080 nonnullis3
1252 2996 1307 3061 eed
1326 2995 1436 3060 obesse
1455 3018 1572 3060 nomen

292 3102 447 3167 Potuit
467 3103 566 3168 etism
585 3104 619 3167 in
639 3100 914 3169 CiceronisAcsd.
930 3104 1023 3187 1134,
1039 3105 1099 3168 111
1124 3125 1164 3168 ne
1186 3104 1275 3168 illam
1295 3104 1418 3184 quidem
1433 3109 1573 3184 paeto-

294 3202 455 3276 misus
467 3210 730 3293 repreheneionem
742 3201 939 3276 Antiochi:
953 3223 1008 3276 nec
1021 3213 1135 3276 rnirum
1144 3233 1154 3274 :
1169 3213 1319 3293 inprimis
1333 3213 1416 3275 enim
1431 3216 1474 3275 est
1486 3210 1573 3274 nadi-

294 3292 398 3412 ζὶθὲ
414 3339 472 3401 uuo
485 3317 601 3384 solebat
614 3318 714 3384 dicere
725 3319 933 3385 Antiochus
943 3318 1108 3384 Philonem
1124 3321 1260 3384 unanime
1268 3318 1501 3400 penuriarum
1516 3321 1572 3382 aut
1586 3346 1615 3385 so

292 3420 351 3472 ¹¹1
390 3420 484 3491 Tusa.
501 3425 580 3510 disp.
595 3425 749 3510 11132,Ἰῖ
769 3429 926 3492 nonsatis
940 3426 1349 3492 milieideturvidissedoc
1365 3426 1573 3506 Clementiae,

294 3525 457 3615 &Qipi
478 3522 651 3615 aliquando
673 3534 900 3616 copritndinem
918 3554 1010 3615 posse
1031 3555 1069 3598 en
1091 3555 1125 3598 eo
1149 3534 1215 3616 ipso
1238 3535 1320 3615 qum
1337 3553 1400 3598 esse
1417 3550 1573 3599 surrimum

297 3633 459 3730 &tamn
488 3639 686 3706 Cleanthes
713 3642 778 3721 ipse
802 3641 954 3721 fateatur,
981 3640 1036 3703 ubi
1066 3645 1141 3705 sunt
1170 3641 1225 3724 qui
1253 3640 1388 3705 alterum
1414 3639 1575 3707 [manthos

300 3737 502 3812 mduonu
543 3743 605 3812 Sed
634 3746 751 3811 Accius
778 3768 842 3811 nou
872 3747 975 3811 solum
1005 3749 1135 3832 repetiit
1162 3768 1292 3832 nomen,
1321 3771 1385 3832 qno
1413 3749 1574 3812 abstinere

300 3845 457 3937 POtnit,
479 3853 534 3918 sed
557 3854 687 3937 repetiit
710 3858 834 3918 mutatu
856 3854 961 3918 formu
983 3858 1021 3918 ut
1044 3877 1138 3939 quem
1162 3859 1236 3918 ante
1259 3854 1411 3919 Plautum
1434 3859 1574 3939 vocarat,

306 3933 419 4023 dein
439 3961 600 4026 Maecium
625 3962 655 4025 Τ
653 3962 731 4025 itum
759 3961 948 4045 appelleret:
977 3961 1010 4025 id
1039 3983 1168 4046 quoque
1192 3963 1384 4045 scriptorum
1412 3983 1509 4044 more,
1537 3966 1575 4025 ut

309 4059 374 4117 ¹¹0
413 4066 444 4131 in
469 4088 507 4132 eu
534 4067 663 4152 quidem
691 4089 726 4131 re
748 4069 856 4132 nescio
880 4089 961 4153 qnae
984 4067 1180 4133 reconditior
1203 4090 1298 4132 causo
1321 4067 1505 4132 delitescere
1529 4069 1573 4131 vi-

315 4149 462 4240 deam.
499 4173 611 4240 Cicero
635 4175 763 4259 quidem
787 4197 1029 4259 nonnumquam
1054 4175 1161 4239 subito
1185 4197 1302 4240 nomen
1325 4175 1411 4239 aliud
1431 4175 1573 4258 proelio

319 4276 445 4364 nouit,
465 4281 552 4367 quod
574 4282 763 4347 inscientem
788 4282 1024 4366 obstupefaciat
1045 4304 1082 4347 ac
1101 4282 1279 4367 perturbet,
1302 4282 1357 4366 qui
1377 4282 1411 4345 in
1429 4280 1574 4366 Legibus

329 4381 342 4428 ¹
376 4379 456 4467 ⁸2,6
483 4411 579 4474 quem
607 4388 702 4454 modo
729 4389 937 4471 Antipatrum
965 4391 1076 4453 stetim
1106 4389 1244 4455 Coelium
1273 4388 1367 4472 dixit,
1400 4389 1573 4472 eademque
1587 4419 1616 4459 so

331 4492 495 4561 venenu
522 4517 599 4561 usus
627 4495 666 4560 de
689 4499 813 4560 oratu
835 4495 952 4579 12,54
975 4498 1101 4561 addidit
1123 4497 1232 4580 inquit
1256 4498 1404 4561 tenuiorem
1427 4496 1575 4561 historiae

339 4600 452 4666 mun
473 4605 556 4669 nocie
573 4603 826 4685 Antipater..
845 4608 888 4668 est
909 4609 945 4668 nt
966 4605 1054 4683 dicis,
1077 4605 1132 4668 sed
1156 4606 1211 4670 iste
1229 4607 1294 4686 urse
1315 4603 1462 4669 Coelius
1479 4625 1575 4686 neque

346 4689 489 4775 diffluxit
508 4709 674 4776 historiam
697 4731 792 4792 neom
811 4761 817 4774 .
833 4761 858 4789 .,
882 4715 938 4774 aut
962 4712 996 4775 in
1019 4710 1203 4776 defensione
1226 4711 1367 4795 Milonis
1390 4734 1485 4795 quem
1505 4713 1574 4776 Mi·

350 4792 446 4916 bnon
466 4822 557 4882 vocet
578 4816 778 4902 plerumque,
803 4818 997 4901 aliquotiens
1022 4820 1058 4882 T.
1077 4820 1235 4897 Anninus,
1264 4820 1397 4883 mutetis
1420 4820 1517 4882 etium
1541 4820 1575 4881 in

244 4839 275 5095 ἱ
353 4913 464 4986 ueinu
484 4923 681 5005 nominibus,
708 4923 796 4988 velut
819 4924 850 5007 2,
868 4924 899 5006 6,
922 4925 1076 5009 appellnt,
1100 4926 1134 4989 in
1160 4927 1318 5010 principio
1343 4932 1449 4990 autern
1473 4925 1573 4988 Laelii

355 5003 428 5086 l³00
455 5030 563 5097 scribit
595 5031 629 5113 Q.
648 5031 802 5096 Mucius
823 5052 926 5114 oupur
949 5032 1047 5096 multa
1070 5054 1205 5097 narra-re
1227 5034 1265 5097 de
1290 5032 1322 5096 0.
1342 5032 1451 5097 Laelio
1474 5051 1574 5096 socero

353 5130 402 5183 ⁸¹¹⁰
423 5135 532 5203 wlebd
550 5189 557 5204 .
572 5189 580 5203 .
598 5159 651 5221 epo
674 5144 777 5203 aedem
800 5159 822 5202 a
838 5143 933 5221 patre
951 5140 997 5203 ita
1015 5160 1102 5203 mam
1121 5141 1267 5205 deductus
1285 5140 1330 5203 od
1346 5139 1574 5218 Scaevolam,

352 5226 379 5282 Μ
396 5250 419 5292 ‘¹
438 5247 517 5322 soris
534 5246 629 5312 latere
646 5266 819 5328 numquam
837 5246 1020 5310 discederem
1029 5266 1040 5308 .·
1059 5246 1176 5329 quibus
1195 5245 1379 5310 nominibus
1393 5268 1464 5309 cum
1480 5267 1574 5329 saepe

245 5366 286 5615 1
315 5317 452 5408 evm„
473 5352 503 5417 u
525 5354 629 5440 primo
653 5353 692 5418 ue
716 5356 852 5436 orooro,
875 5357 943 5417 um
967 5352 1006 5417 ue
1029 5352 1267 5437 finibus13,9
1291 5353 1370 5416 haec
1388 5351 1478 5416 uicit:
1500 5358 1535 5417 o
1553 5373 1575 5416 a
