3925 6675
702 1143 753 1193 un
770 1141 1169 1194 nmnrrsmusnonnrs.
1494 1138 1561 1203 413

290 1315 312 1372 4
465 1302 546 1366 ΜΕ.
573 1301 638 1367 Dio
659 1302 814 1368 bominem
836 1302 1065 1384 lepidueimum
1087 1323 1150 1369 esse
1173 1325 1230 1368 me.
1275 1301 1346 1368 ΡΕ.
1376 1301 1439 1369 Ubi
1461 1303 1562 1368 usus

1299 1410 1315 1457 2

463 1516 545 1581 ΜΕ
572 1515 754 1583 Diomede
780 1517 835 1582 boo
861 1517 944 1600 quod
970 1537 1022 1600 opo
1049 1523 1078 1582 te
1103 1431 1321 1583 iubeofflmi'sll
1352 1515 1434 1582 Dico
1458 1515 1561 1582 ‘bouso

1185 1623 1395 1706 lepidissime?

463 1731 546 1796 ΜΕ.
573 1731 701 1814 Ecquid
721 1733 819 1796 audes
841 1733 879 1796 de
901 1738 953 1797 tuo
975 1733 1055 1797 istuc
1072 1732 1207 1796 odebero?
1254 1730 1325 1796 PE.
1349 1729 1464 1813 ‘Atque
1480 1729 1562 1794 bilo-

1184 1839 1327 1904 uauuee!

377 1943 441 2008 150
465 1943 546 2008 ΜΕ.
574 1945 674 2028 Peroe
682 1967 790 2030 porro.
822 1944 894 2010 ΡΕ.
914 1945 989 2011 Nou
995 1966 1093 2028 perpo
1106 1945 1211 2022 berete,
1225 1946 1291 2010 uisi
1303 1946 1366 2010 ecio
1375 1965 1439 2026 quo
1445 1945 1561 2026 prolia.

463 2051 618 2134 Litioium
641 2053 699 2118 tobi
720 2059 765 2118 est
786 2072 856 2118 cum
877 2073 990 2118 secoro:
1012 2073 1045 2118 eo
1068 2054 1113 2116 uu'
1135 2053 1192 2118 obs
1213 2057 1242 2117 te
1264 2071 1353 2117 eoooo
1375 2053 1505 2116 coruus.

376 2157 440 2223 152
464 2159 545 2224 ΜΕ.
574 2157 667 2224 θίαηι
687 2181 815 2224 seuoruu
837 2165 881 2225 est
902 2159 957 2224 ubi
977 2159 1152 2241 sepulcrum
1178 2158 1347 2224 habeamus
1368 2163 1460 2240 atqu
1480 2158 1563 2222 buuo

1185 2265 1400 2330 oombtuamus
1422 2264 1514 2329 diem.
1574 2291 1600 2330 ro

465 2371 537 2436 ΡΕ.
559 2373 629 2455 Ape
649 2392 727 2438 souo
748 2374 853 2455 ipitw,
880 2373 1006 2456 quoodo
1033 2393 1161 2454 aequom
1184 2392 1269 2455 oros,
1296 2393 1391 2454 quom
1419 2391 1492 2436 mou
1514 2373 1561 2436 iu-

1186 2479 1280 2544 oeudo
1302 2479 1436 2562 rooum?

462 2585 544 2652 Dies
565 2587 688 2668 quidem
711 2588 779 2651 iom
801 2587 846 2651 od
867 2586 1048 2652 umbtlieum
1071 2592 1116 2652 est
1137 2587 1324 2652 dimidiatus
1346 2591 1489 2652 menube.

378 2691 441 2757 155
464 2693 546 2758 ΜΕ.
576 2693 620 2757 Te
637 2714 761 2759 murore
777 2693 858 2758 mibi
875 2714 968 2775 quom
986 2693 1150 2776 obloquere.
1188 2692 1259 2758 ΡΕ.
1287 2691 1415 2758 Oculum
1434 2692 1563 2773 ecfodito

1181 2821 1241 2882 per
1262 2799 1362 2866 solum

464 2906 561 2988 Mili,
584 2906 794 2986 Menaechme,
816 2910 847 2973 ei
868 2907 968 2972 ullum
990 2906 1114 2972 uerbum
1135 2907 1213 2988 foro
1234 2907 1300 2971 uisi
1322 2906 1404 2987 quod
1425 2905 1561 2970 iusseris.

329 3012 470 3078 Versum
490 3013 563 3098 152,
586 3015 678 3078 cuius
700 3019 786 3079 recte
809 3014 1012 3100 intelligendi
1036 3035 1132 3079 causa
1149 3016 1238 3078 totus
1257 3016 1350 3077 tenor
1368 3011 1562 3076 evolvendus

331 3125 411 3203 erat,
433 3141 493 3184 noe
517 3120 800 3186 Menaechmomm
823 3121 932 3186 fabule
955 3144 982 3186 a.
1005 3119 1089 3185 1882
1113 3120 1199 3185 edite
1222 3118 1317 3184 sicuti
1340 3141 1380 3184 ex
1404 3117 1563 3182 librorum

329 3227 501 3312 scripturis
524 3231 558 3291 et
579 3227 766 3292 testimonio
789 3228 993 3314 grammatici
1015 3227 1124 3312 prodit
1146 3227 1406 3311 perscripsimus:

465 3332 557 3401 oum
581 3356 708 3401 uxorem
734 3346 778 3403 oet
800 3337 855 3403 ubi
876 3336 1051 3418 sepulemm
1076 3333 1243 3401 babeamus
1267 3339 1359 3415 atque
1379 3333 1462 3399 buuc
1483 3352 1603 3399 com-eo

1187 3441 1337 3507 muamus
1360 3440 1451 3523 diem,

330 3548 530 3633 eundemque
548 3545 700 3614 Goetnius
718 3547 963 3633 Schoelliusqne
987 3550 1020 3613 in
1044 3570 1081 3613 es
1104 3548 1244 3613 editione
1263 3569 1325 3632 qua
1343 3568 1408 3631 quo
1427 3546 1563 3613 coneilio

330 3676 392 3721 nos
414 3678 514 3721 unam
534 3655 686 3738 fabulum,
709 3676 746 3721 ec
766 3659 799 3720 et
816 3656 975 3721 severiore
995 3656 1091 3720 etiam
1111 3658 1216 3719 totum
1235 3654 1385 3719 Plautum
1405 3654 1563 3718 edendum

331 3766 533 3845 curaverunt,
563 3761 686 3826 scilicet
708 3767 745 3827 ut
767 3762 831 3828 nisi
854 3784 933 3847 quas
958 3766 1061 3828 certas
1084 3761 1238 3827 haberent
1261 3760 1430 3826 doctorum
1454 3761 1564 3845 opina-

330 3868 475 3933 tionibus
503 3891 569 3934 non
594 3869 732 3953 receptis
759 3868 867 3933 Plauti
897 3868 1078 3933 comoedias
1107 3868 1216 3951 qunles
1244 3868 1375 3933 testium
1403 3868 1483 3933 fides
1511 3890 1562 3931 ox-

331 3974 459 4040 hiberet
477 3975 759 4060 repraesentandae
778 3974 940 4059 ducerent,
957 3976 991 4039 in
1009 3974 1226 4039 Menaechmis
1244 3995 1271 4038 a.
1287 3974 1372 4037 1895
1391 3974 1563 4058 publicetis

332 4080 398 4146 hoc
418 4080 516 4146 modo
539 4082 637 4146 scribi
661 4082 824 4145 iusserunt

466 4186 558 4253 Olom
584 4209 712 4253 umorem
734 4189 756 4271 †
778 4188 832 4252 ubi
858 4188 1031 4271 sepulcrum
1062 4188 1232 4253 habeamus
1262 4192 1351 4265 atoue
1377 4187 1459 4251 buuo
1485 4206 1564 4251 oom-

1187 4294 1337 4359 buromus
1358 4294 1449 4378 diem,

332 4400 442 4467 addita
474 4423 568 4467 cruce
599 4402 710 4467 critica
741 4402 930 4485 profitentes
959 4423 1019 4467 nee
1050 4423 1141 4467 suam
1168 4400 1339 4485 pristinam
1370 4401 1564 4485 scripturam
1578 4424 1605 4464 so

331 4530 437 4593 neque
464 4508 529 4572 alie
554 4508 692 4573 aliorum
719 4514 899 4573 comente
927 4508 1001 4573 inde
1024 4531 1043 4573 a
1065 4506 1236 4573 Ritschelii
1264 4507 1463 4592 temporibus
1491 4528 1564 4591 pro·

331 4615 439 4701 posita
461 4613 563 4679 multe
586 4615 647 4679 sibi
670 4614 797 4699 placere
820 4637 923 4699 neque
946 4636 1022 4679 vero
1045 4613 1245 4699 probabilem
1269 4618 1302 4679 et
1330 4636 1412 4698 quae
1434 4614 1564 4699 penitus

332 4720 531 4787 satisfaceret
561 4721 750 4787 emendandi
782 4722 939 4787 rationem
966 4724 1001 4786 in
1033 4726 1185 4806 promptu
1213 4742 1290 4785 esse.
1344 4718 1565 4787 confidentior

332 4827 409 4913 Leo,
427 4828 483 4912 qui
502 4833 536 4893 et
553 4827 623 4913 ipse
638 4833 744 4893 totum
759 4828 911 4895 Plautum
924 4828 1079 4893 laudabili
1094 4828 1229 4893 consilio
1244 4832 1277 4893 et
1290 4850 1408 4914 magna
1421 4827 1564 4893 sollertia

331 4934 503 5001 adornevit
525 4958 552 5001 a
569 4935 663 5001 1895.
683 4936 725 4999 96
745 4934 802 5001 sed
825 4935 950 5001 diversa
972 4936 1013 5000 eb
1037 4934 1102 5001 illis
1121 4936 1173 5000 via
1196 4936 1277 5000 inita
1295 4936 1341 4999 ita
1361 4938 1398 4999 ut
1417 4935 1564 5001 universe

331 5040 462 5127 quidem
490 5041 532 5107 ad
558 5042 715 5109 librorum
744 5043 933 5107 memorium
960 5064 993 5107 se
1017 5042 1193 5127 applicaret
1216 5040 1271 5107 sed
1295 5063 1376 5125 quae
1404 5040 1564 5125 probabili

331 5148 430 5217 modo
453 5148 572 5237 corrigi
594 5171 689 5234 posse
712 5148 897 5215 viderentur
920 5150 1097 5234 corrigeret
1120 5154 1153 5215 et
1175 5147 1330 5233 exemplis
1353 5148 1564 5235 argumentis-

332 5278 395 5343 que
413 5255 557 5323 collectis
572 5256 774 5341 breriterque
793 5256 949 5341 expositis
968 5260 1024 5321 sut
1043 5260 1185 5321 correcte
1199 5254 1360 5321 stabiliret
1377 5260 1433 5319 aut
1446 5254 1565 5319 tradita

332 5364 389 5430 sed
417 5364 554 5431 obscura
576 5362 628 5429 rel
655 5362 842 5429 addubitata
869 5363 1059 5449 explicando
1082 5362 1267 5445 vindicaret,
1294 5362 1327 5427 in
1351 5362 1413 5427 hoc
1436 5382 1564 5445 quoque
