3925 6675
531 1101 556 1152 ἱ
704 1117 753 1166 nu
772 1117 905 1175 rusum
921 1117 1170 1169 unuiucuusss
1493 1117 1558 1184 417

330 1277 418 1361 dicit,
437 1277 588 1344 credibile
601 1283 650 1344 est
669 1278 816 1362 inprimis
836 1285 1044 1344 monuments
1063 1279 1166 1344 dicere
1185 1280 1220 1344 in
1239 1279 1394 1364 sepulcris
1414 1282 1560 1348 excitstc.

330 1383 416 1461 Quin
440 1386 536 1450 etium
560 1384 716 1450 Horatius
740 1407 812 1450 cum
837 1385 883 1449 ita
905 1384 1051 1469 loquitur

650 1513 706 1557 nce
726 1492 912 1575 Iupurttiuc
929 1513 1043 1573 parem

464 1599 553 1664 Bello
574 1601 740 1681 reportasti
762 1601 876 1678 ducem,

465 1707 572 1790 Neque
594 1706 746 1789 Africani
768 1708 820 1772 cui
841 1727 934 1789 cuper
957 1706 1180 1791 Carthnqiuem

470 1814 579 1880 Virtus
599 1814 774 1895 sepulcrum
796 1815 943 1893 condidit,

330 1921 524 2006 sepulcrum,
541 1926 704 2005 putamus,
728 1921 807 1986 dicit
828 1925 1073 1986 monumentum
1095 1922 1179 2005 quod
1200 1922 1234 1986 in
1254 1922 1400 2006 sepulcro
1419 1925 1563 2010 erigitur,

331 2029 487 2093 trsnsluts
510 2028 655 2092 cretione
677 2029 843 2094 affirmuus
866 2051 939 2093 vere
967 2033 1131 2094 mortuum
1159 2035 1191 2093 et
1214 2029 1377 2113 sepultum
1405 2051 1473 2096 esse
1499 2029 1563 2094 bel-

331 2134 401 2200 lum
424 2137 476 2200 cui
498 2133 644 2200 Africani
668 2134 769 2199 virtus
798 2135 862 2200 hcc
884 2140 1129 2200 monumentum
1153 2136 1186 2200 in
1210 2137 1280 2202 solo
1304 2133 1563 2224 Carthaginiensi

332 2242 396 2307 hoc
418 2246 467 2307 est
490 2263 529 2306 eo
551 2243 624 2307 loco
647 2243 704 2306 ubi
726 2243 889 2328 sepultum
911 2247 962 2308 est
985 2241 1172 2308 condiderit.
1503 2308 1507 2318 ,
1551 2272 1605 2314 .re

422 2347 486 2414 Sed
502 2348 583 2412 huec
601 2347 820 2432 sepulcrorum
839 2349 1034 2435 significatio
1053 2354 1090 2412 ut
1104 2349 1272 2415 notissime
1286 2353 1343 2428 est,
1363 2350 1408 2415 ita
1421 2350 1455 2414 in
1469 2369 1562 2416 uersu

333 2455 614 2522 Menaechmorum
638 2455 801 2540 quomodo
823 2455 929 2522 locum
957 2455 1076 2522 hebere
1103 2457 1245 2540 potuerit
1268 2478 1362 2542 segre
1386 2455 1562 2542 dispicitur.

332 2559 393 2627 cni
412 2585 452 2628 ne
471 2563 550 2627 ordo
570 2562 708 2647 quidem,
727 2585 791 2647 quo
810 2567 907 2646 poete
928 2562 1008 2628 hsec
1027 2564 1090 2627 duo
1109 2565 1274 2648 tamquam
1288 2565 1377 2648 peria
1396 2564 1564 2649 coniungit

330 2669 506 2752 sepulcrum
527 2669 696 2736 iubeamus
723 2674 756 2734 et
782 2669 865 2735 tuuc
886 2670 1102 2736 cembruramus
1125 2671 1208 2736 diem
1235 2671 1314 2735 sutis
1342 2693 1412 2736 esse
1439 2692 1564 2736 ccccm·

332 2777 482 2843 mcdntus
504 2776 658 2842 ridentur.
696 2775 780 2854 Quid
803 2799 880 2863 ergo
904 2777 974 2842 cst?
1011 2775 1220 2848 Redeundum
1242 2777 1348 2844 estad
1367 2777 1563 2860 primitivum

333 2885 399 2950 vim
422 2886 510 2950 vocis
538 2889 574 2948 ut
601 2885 824 2949 nanciscemur
850 2883 884 2948 id
911 2883 998 2967 quod
1022 2883 1115 2949 unice
1138 2883 1217 2948 hacc
1240 2885 1398 2950 sententia
1425 2884 1508 2952 feret
1532 2889 1564 2948 et

333 2990 466 3077 flagres
1106 3027 1107 3030 κ

466 3097 724 3183 Sepu]lchrum
743 3105 791 3164 cet
812 3105 846 3162 ut
868 3100 917 3163 cit
941 3097 1056 3164 Gallus
1079 3097 1204 3183 Aet[ius
1226 3097 1328 3166 locus
1352 3101 1393 3163 iu
1415 3098 1497 3184 quo]

467 3211 633 3270 mortuus
654 3205 822 3288 sepultus
843 3211 908 3284 cet,
930 3205 1015 3288 quod
1036 3205 1175 3290 antiqui
1198 3205 1320 3272 crustum
1343 3206 1448 3292 appel]

466 3311 584 3392 laum,
609 3313 692 3396 isque
714 3314 815 3395 cuppis
836 3319 893 3377 aut
914 3312 1039 3397 alequa
1061 3313 1129 3378 utta
1151 3333 1185 3379 rc
1207 3313 1288 3398 mor]
1580 3342 1607 3385 su

465 3421 516 3485 tui
537 3440 634 3486 cauca
655 3422 834 3503 deuterum
855 3426 907 3499 cet,
929 3421 1017 3485 intra
1041 3420 1130 3505 [ques
1151 3422 1230 3504 fiucs
1252 3420 1370 3506 sepul]

466 3533 556 3593 tura
577 3534 630 3593 est
649 3530 763 3609 suctu.

334 3630 385 3697 Itu
412 3630 526 3698 Festus
558 3634 704 3718 loquitur
730 3658 761 3719 p.
784 3634 864 3717 504,
882 3633 995 3699 29Th.
1023 3634 1095 3700 loco
1128 3634 1220 3700 valde
1251 3634 1356 3701 lacero
1389 3636 1445 3700 sed
1473 3636 1566 3701 cuius

335 3739 559 3825 supplements
581 3764 601 3807 u
621 3741 724 3805 doctis
747 3740 893 3805 adhibite
910 3742 1088 3807 sententies
1107 3742 1237 3826 quidem
1256 3742 1440 3808 satisfacere
1459 3742 1567 3811 videu-

335 3852 397 3912 tur.
443 3846 504 3911 cui
526 3847 672 3913 addimus
695 3847 735 3913 de
757 3848 843 3913 busto
871 3854 1048 3913 memorato
1076 3849 1155 3913 hsec
1180 3870 1262 3931 ques
1285 3848 1349 3913 elic
1372 3848 1444 3915 loco
1467 3848 1567 3913 refert

336 3952 457 4019 Paulus
480 3976 519 4019 ex
543 3953 640 4020 Festo
663 3960 813 4037 excerpts
836 3978 867 4039 p.
885 3954 938 4035 23,
953 3953 1064 4019 mu

472 4059 607 4127 Bustum
630 4062 758 4143 proprie
784 4062 900 4125 dicitur
927 4060 1027 4125 locus
1053 4063 1094 4127 iu
1120 4082 1188 4142 que
1216 4068 1381 4127 mortuus
1403 4066 1456 4127 cst
1478 4082 1569 4126 ccm-

469 4168 600 4233 bustuc
625 4173 658 4233 et
683 4167 850 4249 sepultus
877 4168 1050 4249 diciturque
1076 4167 1197 4233 bustum
1225 4168 1317 4249 quasi
1349 4167 1421 4232 berre
1447 4174 1569 4244 ustum

470 4276 526 4341 uti
547 4296 616 4341 cere
638 4275 810 4342 combustus
831 4276 902 4357 quis
924 4276 1143 4353 resumendo,
1166 4274 1245 4339 alibi
1268 4294 1337 4338 vere
1360 4280 1403 4339 est
1424 4273 1569 4355 sepultus,

470 4384 501 4448 ie
517 4383 601 4449 locus
618 4384 657 4447 ab
675 4384 792 4449 urendo
808 4384 934 4449 ustrina
953 4388 1096 4447 uocatur:
1119 4382 1174 4447 sed
1192 4382 1281 4447 medo
1300 4381 1390 4445 busta
1407 4380 1569 4463 ceputcirru
1584 4408 1611 4448 su

472 4490 675 4573 appellamus.

337 4596 436 4683 Apud
463 4598 600 4665 eundem
623 4596 755 4662 Festum
782 4619 822 4662 ne
850 4596 929 4661 haec
956 4597 1085 4679 quidem
1114 4596 1289 4679 praeterire
1313 4595 1461 4659 volumus
1489 4615 1571 4677 ques

338 4728 370 4791 p.
390 4704 465 4789 386,
480 4705 521 4769 21
533 4704 591 4769 Th.
614 4704 769 4791 leguntur

473 4812 561 4879 luter
582 4832 706 4878 cccrum
729 4816 832 4877 cutem
854 4817 883 4876 et
899 4816 1042 4876 eundum
1060 4816 1087 4875 et
1105 4810 1283 4893 retipiosum
1302 4809 1496 4891 differentias
1514 4806 1573 4875 bd.

472 4918 591 4984 tissime
602 4921 697 5001 refert
710 4916 837 5003 (Aelius
851 4915 961 4982 Gallus
976 4938 1074 5001 cupre
1088 4914 1233 5001 citatus):
1252 4935 1377 4981 sucrum
1391 4915 1571 4997 aedificium

473 5031 681 5093 eumarum
703 5028 769 5105 dec,
791 5030 934 5090 sunctum
956 5045 1094 5105 murum,
1122 5026 1177 5105 put
1199 5025 1242 5088 sit
1268 5025 1384 5087 circum
1411 5020 1569 5104 oppidum,

473 5132 690 5215 relictorum
712 5132 934 5214 sepulcrum,
958 5130 1020 5195 ubi
1043 5136 1208 5195 mortuus
1230 5128 1397 5211 sepultus
1419 5134 1486 5193 aut
1506 5127 1574 5191 tu·

475 5242 681 5318 maturuit,
703 5241 783 5305 eutis
805 5245 944 5305 nonum
965 5240 1020 5304 uit.

339 5344 401 5413 His
424 5368 507 5433 quse
529 5346 571 5411 ud
588 5346 740 5413 Verrium
762 5345 913 5413 Flaccum
935 5344 1071 5411 redeunt
1090 5342 1183 5409 Aetio
1209 5342 1302 5408 Gallo
1327 5347 1409 5409 teste
1430 5346 1572 5407 utentem

395 5461 522 5503 Vuhtunt
536 5462 647 5511 opuscula
660 5462 692 5501 11.
1325 5450 1359 5501 2'1
