3925 6675
401 1074 469 1140 384
590 1075 649 1126 uu.
669 1073 785 1125 mour
802 1071 1017 1124 nucuouuu
1036 1071 1278 1122 umucuanuu
1299 1071 1466 1140 1soosroor.

400 1249 509 1314 κακῶς
543 1235 728 1318 μέν-κακῶς
760 1231 799 1299 δέ
827 1235 947 1316 respuit
977 1233 1228 1298 additamentum
1260 1232 1300 1297 ab
1330 1232 1390 1297 hac
1420 1234 1638 1315 compositione

400 1345 548 1410 alionum.
572 1344 685 1409 deindo
701 1342 890 1424 planissime
913 1341 995 1405 idem
1018 1346 1062 1406 est
1080 1351 1186 1417 κακῶς
1205 1339 1340 1404 ἀκούειν
1359 1345 1387 1404 ct
1404 1338 1636 1419 ὀνειδίζεσθαι.

400 1453 472 1534 quis
489 1458 591 1516 autem
607 1450 772 1514 Plutonem
790 1449 891 1531 laycos
906 1449 1024 1512 nescire
1035 1453 1159 1528 poterat
1176 1446 1255 1528 quid
1267 1452 1342 1512 esso
1354 1457 1463 1523 κακῶς
1477 1445 1636 1513 duodece?

400 1559 456 1625 aed
480 1563 609 1641 propter
639 1557 793 1620 admotum
823 1552 882 1638 ὑφ’
913 1553 1009 1638 ὑμῶν
1036 1553 1200 1618 admonuit
1226 1553 1340 1619 εολολαε
1366 1565 1474 1630 κακῶς
1501 1553 1638 1620 ἀκούειν

395 1666 562 1747 passivam
585 1665 739 1728 κοίιοκοιο
762 1663 915 1726 οοιιίίκειε
937 1667 966 1725 ot
981 1661 1117 1742 perinde
1138 1680 1201 1726 esse
1218 1679 1257 1725 oc
1272 1661 1303 1725 si
1321 1659 1544 1739 ὀνειδίζεσθαι
1563 1668 1637 1727 essu

401 1772 527 1836 dictum.
569 1767 720 1853 Idemque
748 1767 903 1833 iudicium
927 1765 1035 1832 Variis
1063 1766 1272 1832 Lectionibus
1300 1789 1326 1832 a
1353 1766 1440 1832 1854
1467 1771 1636 1833 exsecutus

404 1901 435 1962 p.
450 1877 494 1943 55
513 1876 632 1959 docuit,
651 1875 737 1960 quod
754 1879 869 1940 notum
888 1879 946 1958 est,
963 1885 1072 1950 κακῶς
1090 1873 1226 1939 ἀκούειν
1244 1873 1310 1940 ὑπό
1328 1897 1420 1951 τινος
1432 1875 1518 1940 idem
1531 1873 1637 1940 valere

403 1983 490 2068 quod
518 1984 747 2065 λοιδορεῖσθαι
776 1980 841 2046 ὑπό
869 2004 961 2057 τινος
987 1983 1020 2044 et
1043 1979 1124 2045 illud
1147 1985 1233 2045 recte
1256 2002 1314 2064 per
1337 2001 1371 2046 se
1394 1979 1497 2046 solum
1522 2003 1595 2046 curu
1618 2005 1637 2046 a

402 2089 577 2155 Plutarcho
606 2091 763 2174 scriptum
790 2109 861 2152 esse
889 2089 922 2151 in
950 2088 1019 2152 vita
1042 2085 1174 2152 Catonis
1197 2087 1271 2152 mei.
1291 2109 1316 2152 c.
1337 2087 1434 2170 20,4
1456 2087 1520 2154 cdx
1542 2087 1636 2173 ἀξίου

363 2223 391 2263 ιο
403 2199 464 2264 τὸν
486 2199 563 2263 υἱὸν
584 2196 660 2261 ὑπὸ
683 2196 830 2261 δούλου
854 2206 979 2271 κακῶς
1002 2193 1164 2260 ἀκούειν
1182 2194 1202 2278 ἦ
1220 2203 1282 2260 τοῦ
1300 2195 1384 2272 ὠτὸς
1402 2194 1636 2262 ἀνατείνεσθαι

403 2304 622 2390 μανθάνοντα
644 2304 800 2388 βράδιον,
827 2306 896 2366 tum
921 2303 954 2366 iu
977 2300 1123 2366 Platonis
1148 2299 1278 2366 Critone
1301 2325 1332 2386 p.
1353 2301 1408 2386 79,
1427 2302 1448 2367 3
1471 2303 1554 2386 πρὸς
1574 2301 1636 2386 μὲν

404 2413 468 2494 ἀρα
490 2428 544 2476 σοι
563 2411 622 2475 τὸν
639 2407 765 2493 πατέρα
784 2408 846 2474 οὐκ
864 2407 898 2487 ἐξ
917 2408 993 2474 loco
1011 2404 1055 2492 ἦν
1072 2409 1110 2474 τὸ
1130 2409 1270 2492 δίκαιον,
1294 2409 1379 2474 ὥστε
1396 2410 1479 2494 ἀπερ
1499 2410 1636 2495 πάσχοις

403 2527 507 2583 ταῦτα
535 2517 590 2581 καί
618 2515 803 2581 ἀντιποιεῖν
828 2516 919 2582 οὔτε
941 2527 1068 2593 κακῶς
1090 2515 1287 2581 ἀκούοντα
1311 2515 1538 2600 ἀντιλέγειν
1559 2517 1636 2584 οὔτε

403 2627 611 2706 τυπτόμενον
633 2621 859 2706 ἀντιτύπτειν,
885 2623 1097 2706 similiterque
1121 2623 1155 2688 in
1177 2621 1301 2709 Hippia
1323 2623 1446 2689 maiore
1468 2647 1499 2708 p.
1518 2623 1575 2708 33,
1593 2624 1637 2691 25

404 2731 480 2796 ὑπό
503 2755 542 2796 τε
566 2731 696 2796 ἀλλων
718 2742 821 2795 τινῶν
843 2741 912 2795 τῶν
934 2729 1058 2796 ἐνθάδε
1082 2729 1137 2795 καὶ
1160 2731 1235 2796 ὑπὸ
1258 2732 1402 2796 τούτου
1426 2739 1487 2796 τοῦ
1506 2729 1635 2816 ἀνδράν

403 2861 471 2904 που
498 2847 559 2905 τοῦ
587 2837 641 2903 ἀεί
664 2861 704 2922 με
732 2835 925 2920 ἐλέγχοντος
950 2836 1077 2902 πάντα
1104 2839 1201 2902 κακὰ
1229 2836 1373 2920 ἀκούω,
1402 2837 1458 2902 sed
1481 2859 1638 2904 nonnum·

406 2967 502 3030 quam
525 2949 659 3029 propter
681 2943 863 3030 ignoratam
885 2944 1052 3008 notionem
1076 2944 1237 3029 passivam
1260 2966 1356 3028 quam
1381 2943 1515 3009 heberet
1531 2957 1637 3022 κακῶς

405 3051 542 3119 ἀκούειν
564 3051 679 3116 similis
698 3051 944 3138 significationis
963 3051 1097 3115 verbum
1116 3073 1136 3114 a
1155 3049 1320 3116 Graeculis
1339 3073 1407 3117 esse
1426 3051 1637 3137 adscriptum

404 3161 513 3243 itaque
532 3159 675 3243 spuriam
694 3177 805 3223 vocem
822 3156 895 3221 tolli
909 3158 1005 3223 iussit
1019 3159 1052 3221 in
1067 3157 1233 3222 Plutarchi
1248 3157 1372 3224 'lbeeeo
1387 3179 1412 3223 c.
1430 3159 1470 3224 16
1485 3158 1504 3224 δ
1518 3161 1638 3236 Μίνως

362 3291 391 3331 το
404 3264 455 3331 ἀεὶ
473 3264 611 3331 διετέλει
629 3276 737 3342 κακῶς
755 3263 889 3330 ἀκούων
907 3262 986 3351 [καὶ
1006 3265 1330 3351 λοιδορούμενος]
1350 3263 1387 3330 ἐν
1401 3275 1471 3343 τοῖς
1484 3263 1638 3344 Ἀττικοίς

404 3372 575 3457 θεάτροις,
607 3375 642 3437 in
670 3371 884 3457 Theophrasti
912 3371 1140 3438 Charccternm
1169 3372 1279 3439 libello
1307 3395 1333 3439 c.
1357 3374 1378 3438 6
1402 3374 1521 3458 ὀμόσαι
1543 3374 1637 3459 ταχύ,

404 3490 512 3555 κακῶς
530 3478 671 3544 ἀκοῦσαι
686 3477 763 3562 [καὶ
781 3479 1090 3564 λοιδορηθῆναι]
1106 3480 1301 3563 δυνάμενος,
1316 3480 1453 3565 denique
1468 3482 1501 3546 in
1516 3479 1638 3565 Hippia

405 3586 525 3650 maiore
553 3606 591 3650 eo
619 3584 691 3649 loco
719 3607 814 3669 quem
841 3608 940 3670 supra
966 3588 1241 3671 praescripsimus.
1278 3586 1323 3652 nt
1350 3588 1389 3652 de
1416 3586 1478 3653 hoc
1506 3587 1636 3672 quidem

406 3691 527 3757 Cobeto
556 3712 704 3757 assensus
728 3691 925 3757 Hartmuuua
948 3692 1107 3759 Emblem.
1126 3716 1156 3779 p.
1176 3694 1218 3759 96
1243 3694 1401 3779 ‘ineptam
1430 3716 1497 3759 esse
1526 3694 1638 3759 scribit

403 3799 578 3866 locutionis
595 3799 824 3865 usitatissimae
842 3801 1151 3885 interpretationem,
1174 3823 1238 3885 que
1256 3805 1420 3885 praeterea
1438 3801 1572 3867 tolletur
1589 3802 1637 3867 ris

404 3906 586 3990 anaphorae
609 3918 715 3984 κακῶς
737 3903 800 3991 μὲν
818 3957 825 3971 .
840 3957 870 3973 ..
888 3919 996 3985 κακῶς
1019 3906 1077 3973 δί’.
1115 3906 1291 3974 Schauziue
1310 3930 1386 3973 vero
1406 3909 1508 3973 eidem
1529 3908 1636 3995 magui

289 4091 293 4097 ¹
405 4014 510 4081 critici
537 4014 657 4079 indicio
685 4014 889 4080 subscribens
916 4036 995 4081 voce
1024 4015 1105 4080 false
1132 4016 1224 4080 uncis
1252 4016 1376 4081 incluse
1403 4015 1503 4081 edidit
1530 4026 1637 4093 κακῶς

404 4122 467 4206 μὲν
488 4121 554 4186 ὑπὸ
577 4122 673 4206 ὑμῶν
695 4121 831 4187 ἀκούειν
854 4119 923 4206 [καί
946 4120 1198 4205 δνειδιζεσδαι],
1226 4132 1333 4198 κακῶς
1356 4122 1394 4187 δὲ
1417 4120 1471 4187 ὑπ’
1500 4120 1638 4189 ἐκείνου.

494 4228 583 4293 Haec
610 4229 688 4293 satie
712 4230 792 4293 scite
814 4249 834 4290 a
857 4226 980 4291 Cobeto
1004 4229 1183 4312 composita
1206 4232 1295 4311 sunt,
1322 4229 1378 4293 sed
1401 4250 1441 4293 ne
1464 4230 1569 4313 specie
1592 4230 1640 4294 in·

363 4360 391 4400 so
405 4334 566 4416 ducamur,
589 4334 717 4421 singula
738 4356 868 4400 necesse
891 4337 942 4398 est
963 4334 1098 4418 propius
1121 4335 1322 4419 aspiciamus.
1355 4335 1463 4420 Atque
1482 4336 1515 4401 iu
1534 4334 1675 4401 These

404 4440 530 4525 phrasti
549 4441 665 4524 verbis,
685 4464 767 4525 quce
783 4440 1000 4524 Lipsiensium
1019 4440 1178 4506 editorum
1198 4442 1304 4507 studia
1322 4444 1477 4507 acerrima
1494 4442 1637 4509 noudum

404 4551 442 4610 ut
464 4546 559 4611 nobis
583 4547 710 4613 ridetur
727 4548 950 4633 profligarunt,
972 4547 1083 4613 haeret
1101 4548 1224 4633 aliquid
1243 4550 1455 4615 dubitationis
1474 4550 1513 4615 de
1531 4550 1638 4615 verbis

405 4642 475 4730 οἷος
498 4653 616 4737 ὀμόσαι
638 4656 732 4739 ταχύ,
754 4676 837 4739 quae
860 4655 1008 4719 tenuiore
1030 4654 1188 4739 videntur,
1211 4678 1284 4721 cum
1308 4658 1417 4741 potius
1436 4662 1639 4741 exspectares

406 4760 468 4825 dici
487 4750 558 4837 οἷος
576 4758 769 4845 ἐπιορκῆσαι
788 4762 881 4845 ταχύ,
900 4760 1169 4845 quemadmodum
1183 4762 1357 4847 Bulliones,
1375 4764 1431 4847 qui
1450 4786 1516 4829 nou
1530 4764 1638 4849 inepte

405 4889 477 4932 cum
502 4866 781 4952 ἀπονενοημένοις
804 4868 915 4933 collati
938 4874 1015 4933 suut
1031 4872 1179 4951 perimes
1201 4892 1235 4935 ee
1254 4868 1409 4955 appellari
1429 4869 1566 4954 superbe
1584 4892 1638 4957 ps·

404 4974 540 5059 tiuntur,
559 4974 614 5039 sed
633 4974 690 5039 illa
708 4975 736 5040 si
754 4975 854 5060 probe
872 4976 994 5060 scripta
1012 4980 1096 5059 sunt,
1114 4998 1218 5061 neque
1238 4998 1431 5061 quemquam
1450 4976 1638 5043 addubitare

404 5082 554 5165 vidimus,
576 5088 609 5147 et
632 5082 671 5146 ed
695 5082 759 5147 vim
783 5082 915 5166 periurii
938 5082 1086 5147 accedere
1109 5088 1195 5150 recte
1218 5088 1382 5168 putantur,
1405 5084 1558 5168 quonium
1582 5084 1637 5169 qni

404 5188 552 5255 celeriter
574 5190 673 5273 iuret,
700 5190 794 5255 facile
818 5188 960 5255 creditur
982 5211 1113 5255 securus
1137 5212 1219 5275 esse,
1247 5212 1361 5255 verene
1385 5212 1426 5255 en
1449 5190 1532 5255 falso
1556 5191 1638 5256 iura-

405 5300 497 5361 turus
520 5297 576 5378 eit,
603 5296 728 5381 reliquo
749 5319 816 5363 nou
837 5297 935 5361 nimis
959 5296 1091 5361 difficile
1114 5296 1312 5362 edomantur
1334 5298 1380 5361 ita
1403 5302 1440 5362 ut
1462 5296 1517 5363 καὶ
1540 5298 1639 5382 parti-
