3925 6675
396 1099 464 1164 435
634 1101 691 1152 nv.
710 1101 826 1151 mnes
843 1100 1058 1151 nemorum
1075 1099 1307 1152 incursuum
1327 1103 1405 1152 1902.

399 1261 543 1339 Quorum
567 1265 673 1327 cetere
695 1260 856 1346 quomodo
879 1261 1064 1345 accipienda
1092 1263 1157 1325 sint
1179 1283 1229 1325 res
1253 1262 1324 1345 ipse
1350 1261 1444 1326 docet
1465 1283 1570 1345 neque
1592 1282 1632 1326 ee

398 1371 496 1455 egent
522 1369 709 1454 interpretis
736 1391 821 1434 cure
865 1367 959 1434 Unus
981 1389 1094 1432 versus
1118 1367 1319 1433 Curculionie
1350 1367 1492 1433 decimus
1515 1367 1632 1434 tertius

397 1477 479 1541 vitio
500 1474 636 1560 laboret,
658 1478 711 1540 cui
732 1477 814 1540 vitio
836 1475 964 1540 dubitee
989 1497 1086 1560 quem
1113 1479 1199 1540 recte
1222 1474 1409 1539 medeantur
1435 1476 1482 1540 ite
1503 1479 1542 1538 ut
1563 1495 1633 1540 vcr-

398 1604 470 1648 sum
493 1583 600 1666 ipsum
622 1583 832 1667 exstinguent
849 1586 883 1646 et
900 1581 1063 1648 abiiciunt.
1102 1579 1165 1648 Sed
1182 1583 1242 1648 bas
1258 1581 1387 1646 tabelias
1406 1581 1493 1665 quod
1512 1585 1633 1668 negant

398 1690 478 1754 entis
496 1693 572 1774 epte
590 1689 654 1754 dici
667 1689 857 1773 insequente
873 1689 932 1753 ilio
945 1710 1101 1774 responm
1120 1689 1206 1770 Qttas
1219 1694 1252 1753 tn
1266 1710 1307 1752 m.
1314 1693 1343 1767 t,
1362 1687 1482 1753 licebat
1493 1687 1631 1752 fortusse
1652 1694 1669 1750 t

403 1797 487 1878 Quia
509 1797 639 1862 tabellas
660 1818 830 1881 reponere,
857 1799 895 1860 ut
921 1799 1047 1860 mutate
1074 1796 1281 1860 distinctione
1303 1797 1350 1859 ite
1372 1794 1458 1860 dicet
1481 1794 1517 1860 Is
1539 1793 1633 1860 Sam-

398 1925 530 1969 mannm
552 1924 585 1969 se
606 1906 712 1968 vacari
734 1905 825 1969 dicit.
861 1905 891 1968 ei
911 1904 1048 1988 rddidi,
1075 1903 1159 1984 Quia
1176 1901 1306 1968 tabellas
1323 1903 1502 1984 atsipnatas
1520 1901 1632 1968 attulit.

399 2009 493 2087 Quod
520 2031 596 2075 vero
626 2032 736 2075 versus
762 2009 941 2097 legitimam
968 2031 1150 2075 mensurum
1178 2009 1316 2092 excedit,
1345 2009 1379 2073 in
1405 2013 1561 2094 promptu
1583 2012 1634 2074 eet

399 2118 463 2183 nisi
490 2117 635 2183 fallimur
656 2117 791 2182 medela:
820 2116 963 2182 deleatur
993 2119 1129 2182 ultorum
1152 2121 1261 2182 utrum
1289 2137 1481 2201 pronomen,
1509 2116 1577 2181 eive
1599 2121 1634 2182 ta

360 2249 387 2291 m
400 2226 468 2290 eive
490 2224 579 2304 mibi,
609 2246 747 2308 quorum
770 2224 961 2289 utrumlibet
982 2224 1077 2289 facile
1100 2246 1158 2308 per
1180 2245 1320 2288 errorem
1344 2223 1514 2288 scribentis
1537 2221 1633 2288 cdiioi

399 2332 517 2417 potuit,
540 2335 573 2396 et
595 2333 658 2396 erit
680 2332 863 2397 octonarius
887 2333 1076 2415 septenariis
1099 2331 1279 2396 immixtus:
1307 2329 1416 2414 quelie
1439 2351 1516 2394 uuus
1538 2327 1634 2394 Pluu-

399 2438 488 2502 tinue
519 2460 587 2502 nou
616 2437 744 2523 refugit.
791 2435 855 2502 Sed
883 2438 1040 2522 quidquid
1068 2438 1107 2502 de
1135 2460 1173 2503 eo
1201 2457 1296 2502 versu
1324 2436 1497 2520 iudicetur,
1529 2457 1634 2520 neque

400 2545 486 2608 enim
510 2543 683 2628 quicquum
705 2544 919 2610 'confidentius
943 2545 1150 2628 affirmemus,
1173 2545 1235 2608 nisi
1260 2544 1346 2628 quod
1369 2543 1452 2608 falec
1474 2543 1633 2608 adiectum

399 2673 470 2716 eece
488 2649 584 2716 nobie
603 2650 755 2717 credibile
772 2673 839 2717 non
852 2651 900 2732 fit,
918 2652 974 2716 sed
993 2651 1151 2736 quidquid
1170 2651 1338 2734 iudicetur,
1357 2649 1512 2716 orationis
1530 2650 1635 2714 forme

400 2780 497 2842 quem
519 2758 656 2823 dicimus
678 2758 782 2823 nihilo
805 2759 912 2822 minus
935 2763 1046 2843 apertu
1065 2763 1122 2823 eet.
1164 2758 1288 2823 Ethoc
1308 2779 1467 2844 genusne
1486 2755 1634 2822 Ciceroni

401 2864 531 2950 quidem
553 2865 745 2930 inusitatum
767 2865 840 2948 fuit,
864 2867 919 2949 qui
944 2865 1056 2930 scribit
1079 2867 1113 2930 in
1133 2865 1308 2930 Verr.112
1331 2887 1356 2930 c.
1376 2865 1428 2945 32,
1443 2863 1485 2928 79

566 2973 675 3054 Quem
698 2972 791 3037 miti
813 2977 851 3036 tn
874 2970 1045 3050 Balbum,
1073 2993 1175 3054 qncm
1198 2971 1419 3037 Staienum?

401 3079 478 3144 ibid.
497 3097 523 3143 11
546 3080 568 3143 4
593 3101 618 3143 c.
638 3079 690 3162 39,
706 3080 748 3143 85

562 3186 776 3269 Respondetm
794 3189 823 3251 ei
839 3193 982 3251 sectatam
1001 3207 1064 3251 non
1076 3188 1261 3268 permittere,
1280 3206 1416 3268 pomam
1435 3187 1547 3268 capitis
1565 3205 1635 3252 aon·

361 3320 388 3361 m
561 3296 703 3360 stitutum
721 3295 751 3359 si
768 3295 893 3360 iniussn
909 3299 1036 3360 senatus
1053 3295 1218 3376 qnisquam
1233 3295 1398 3377 aniptssm
1416 3293 1513 3359 siccat
1526 3292 1634 3377 reticio

562 3407 826 3466 commemoratur.
846 3401 927 3466 Tam
943 3404 999 3467 iste
1012 3402 1127 3483 Qnom
1141 3401 1234 3465 eniti
1247 3401 1467 3483 redipionem
1481 3420 1634 3483 narras,

563 3528 671 3589 qnam
688 3528 859 3588 poenam,
882 3529 985 3589 quem
1008 3508 1200 3573 senatum?

401 3612 440 3678 ln
463 3612 642 3681 Antonium
666 3614 808 3697 110,2ἴ)

563 3720 702 3785 Paratos
718 3721 866 3787 babemus
882 3724 937 3803 qai
954 3723 1155 3805 intercedent,
1172 3728 1305 3804 paratas
1322 3724 1377 3803 pai
1394 3743 1460 3787 rem
1472 3720 1634 3803 patticam

561 3828 710 3911 retipiane
732 3828 958 3909 defendant...
976 3830 1076 3911 Qacs
1099 3834 1136 3893 tn
1159 3830 1263 3907 mitri,
1288 3830 1398 3911 inquit,
1421 3828 1635 3893 intercessi·

563 3955 661 4015 ones,
683 3956 777 4017 qaas
798 3936 1023 4019 retipicnes?

402 4040 455 4107 Ad
477 4040 578 4106 femii
597 4060 635 4105 rx
656 4040 707 4124 16,
723 4042 740 4104 7

564 4149 658 4214 Nanc
679 4150 768 4214 aenio
795 4150 841 4214 ad
865 4151 1032 4215 iocationes
1054 4156 1125 4215 tuas
1229 4150 1335 4231 Quem
1360 4156 1397 4214 tn
1421 4148 1513 4213 eniti
1535 4168 1633 4230 pam·

557 4256 694 4336 pilum,
717 4276 820 4338 qoem
843 4258 1041 4321 denarium
1064 4256 1228 4321 narras?

363 4388 390 4429 n
403 4361 452 4427 De
476 4366 554 4428 oret.
575 4380 586 4426 1
606 4362 659 4444 22,
675 4362 739 4425 104

563 4469 765 4534 adduxissem
788 4468 847 4533 tenc
868 4468 1023 4535 Graecam
1047 4470 1191 4553 aliquem,
1216 4472 1272 4553 qai
1294 4490 1351 4536 nos
1372 4469 1550 4535 istiusmodi
1573 4467 1636 4534 dte·

559 4574 777 4659 pantaenus
798 4575 973 4653 delectantem
997 4578 1078 4659 qaod
1098 4598 1138 4642 ne
1159 4599 1242 4643 nunc
1264 4578 1387 4659 quidem
1404 4574 1534 4659 difficile
1548 4576 1637 4657 [adn

564 4688 624 4758 est;
643 4688 687 4747 est
703 4684 787 4747 enim
805 4684 894 4765 apud
910 4684 960 4748 M.
976 4684 1124 4750 Pisonem
1140 4736 1146 4749 .
1162 4686 1399 4767 peripateticos
1418 4682 1564 4749 tineas.
1580 4732 1586 4747 .
1602 4682 1637 4747 in

565 4788 619 4854 ao
641 4809 821 4873 suppetere
838 4792 1147 4873 mnniamptinceps.
1187 4792 1310 4873 ‘Qnem
1333 4796 1371 4856 tn
1394 4790 1512 4869 miti’,
1535 4789 1638 4871 inpicet

565 4896 707 4975 Mucius,
731 4895 914 4977 Staseam,
937 4919 1041 4981 qnem
1059 4900 1352 4981 peripateticam
1374 4895 1551 4963 narrasi'

404 5000 444 5067 In
466 5003 585 5087 quibus
609 5003 695 5088 quod
719 5006 768 5068 eet
789 5004 994 5069 obscuritatis
1014 5006 1046 5069 in
1066 5028 1130 5071 uuo
1150 5010 1183 5070 et
1200 5006 1302 5071 altero
1321 5026 1386 5070 uon
1405 5003 1636 5089 persequimur.

405 5109 469 5175 Sed
496 5115 529 5175 et
556 5110 636 5176 haec
659 5110 808 5176 Tulliana
835 5112 981 5195 exemplu
1008 5116 1040 5176 et
1068 5112 1124 5176 ille
1147 5112 1309 5196 Plautina,
1338 5112 1485 5197 quemvis
1512 5131 1550 5175 ee
1572 5130 1638 5175 uon

404 5218 501 5302 piene
523 5216 608 5283 idem
633 5238 734 5303 genus
757 5238 834 5301 pree
857 5240 891 5282 ee
911 5218 1017 5283 ferent
1035 5240 1108 5283 cum
1127 5220 1233 5285 verbis
1252 5220 1298 5284 rei
1317 5219 1464 5303 publicae
1482 5240 1501 5281 e
1521 5216 1637 5302 quibus

404 5324 542 5407 profecti
561 5346 680 5409 eumue,
704 5328 812 5389 temen
830 5329 863 5389 et
880 5325 960 5390 heec
978 5326 1063 5390 tueri
1082 5330 1217 5413 possunt
1237 5326 1332 5392 istem
1352 5326 1638 5411 interrogationem
