3925 6675
682 1134 734 1184 DE
751 1132 935 1185 EURIPIDIS
953 1133 1134 1185 nuscum,
1489 1130 1534 1196 53

288 1296 382 1359 tione
415 1295 545 1380 prolixa
576 1294 632 1358 sed
663 1296 746 1359 mira
773 1297 941 1358 venustate
969 1293 1141 1380 explicata,
1174 1296 1251 1359 olim
1280 1294 1383 1360 multa
1410 1294 1536 1359 salebra

285 1401 490 1486 impediente
515 1403 685 1485 lectorem,
713 1401 776 1466 alia
798 1401 1028 1486 interpretandi
1054 1422 1131 1466 oura
1153 1402 1272 1486 partim
1297 1406 1404 1467 autem
1429 1423 1533 1466 emen·

285 1509 389 1573 dandi
418 1508 565 1573 sollertia
592 1510 715 1593 optime
743 1508 966 1573 administrata
994 1513 1082 1573 sunte
1110 1512 1211 1572 restat
1236 1508 1288 1573 vel
1314 1508 1442 1572 videtur
1464 1508 1535 1592 qui·

284 1618 362 1682 dem
392 1616 489 1682 nobis
518 1621 639 1681 restare
666 1615 791 1700 aliquid
818 1615 1041 1701 ambiguitatis
1068 1617 1104 1680 in
1129 1615 1290 1700 principio
1319 1615 1475 1680 orationis
1501 1619 1534 1678 et

284 1725 322 1788 in
348 1725 448 1788 exitu.
491 1722 670 1788 Exorditur
693 1726 800 1787 autem
823 1721 957 1807 Megara
980 1721 1021 1787 ab
1044 1721 1095 1787 his
1118 1722 1265 1787 versibus

340 1830 407 1895 451
458 1826 539 1896 εἷεν·
563 1831 614 1906 τίς
637 1831 757 1912 ἱερεύς,
780 1831 831 1906 τίς
853 1834 1003 1912 σφαγεὺς
1025 1840 1094 1894 τῶν
1116 1831 1315 1914 δυσπότμων

366 1976 408 1984 -
457 1936 478 2020 ἢ
502 1947 560 2020 τῆς
583 1938 741 2019 ταλαίνης
764 1946 821 2020 τῆς
845 1935 923 2020 ἐμῆς
946 1946 1054 2021 buxu
1077 1937 1215 2022 φονεύει

458 2042 561 2125 ἕτοιμ’
589 2045 684 2126 ἄγειν
707 2045 746 2108 τὰ
769 2041 899 2127 θύματ’
921 2045 969 2120 εἰς
984 2041 1102 2109 ’Ἅιδου
1125 2044 1213 2108 τάδε.

458 2146 485 2215 ὦ
509 2149 611 2231 τέκν’,
634 2149 784 2234 ἀγόμεθα
808 2154 923 2233 ζεῦγος
945 2151 987 2215 οὐ
1010 2152 1113 2216 καλὸν
1136 2162 1278 2234 νεκρῶν,

344 2258 412 2324 455
461 2257 546 2342 ὁμοῦ
570 2256 724 2340 γέροντες
746 2255 801 2321 καὶ
823 2255 895 2322 νέοι
918 2254 972 2321 καὶ
996 2257 1139 2341 μητέρες.

285 2364 328 2430 In
346 2365 468 2449 quibus
482 2363 753 2429 Wilamowitzius
767 2366 834 2428 rim
847 2365 1013 2448 propriam
1027 2363 1199 2429 verborum
1214 2365 1332 2449 ἱερεύς,
1346 2364 1535 2450 σφαγεύς*)

288 2478 323 2537 et
350 2493 434 2556 quae
458 2493 532 2535 oum
555 2470 606 2535 bis
626 2472 792 2554 conspirat
809 2492 872 2535 vox
891 2471 1026 2554 θύματα
1045 2469 1147 2555 probe
1166 2470 1336 2557 explicuit3
1358 2494 1377 2535 a
1397 2493 1534 2555 quorum

287 2580 434 2665 figurata
468 2579 613 2642 oratione
645 2577 799 2661 quoniam
831 2599 959 2641 versum
991 2577 1131 2642 medium
1159 2577 1179 2661 ἢ
1208 2588 1265 2662 τῆς
1293 2580 1450 2662 ταλαίνης
1478 2589 1535 2662 τῆς

287 2686 371 2768 ἐμῆς
398 2693 509 2768 ψυχῆς
537 2685 662 2767 φονεύς
692 2683 864 2748 abhorrere
892 2685 1031 2768 censuit,
1062 2685 1149 2749 huno
1176 2707 1243 2749 non
1270 2707 1339 2750 esse
1368 2685 1534 2768 Euripidis

288 2791 404 2856 Paleio
428 2793 607 2855 assentiens
630 2792 741 2874 posuit
763 2791 819 2855 sed
842 2790 1083 2875 interpolatoris
1106 2792 1242 2857 oonsilio
1260 2791 1425 2877 Megaram
1449 2794 1536 2857 inter

290 2899 430 2981 θύματα
453 2897 567 2961 referri
590 2896 731 2962 nolentis
751 2897 929 2982 appictum3
952 2919 1017 2981 quo
1036 2899 1167 2963 exoluso
1186 2900 1365 2963 orationem
1383 2898 1424 2963 ad
1443 2920 1533 2963 suam

289 3005 443 3088 formam,
466 3003 524 3068 illo
547 3024 643 3068 versu
666 3005 862 3088 impediente
881 3003 1054 3086 turbatam,
1077 3005 1195 3070 redire:
1217 3005 1280 3070 hoo
1298 3007 1383 3070 enim
1403 3005 1467 3071 dioi
1486 3009 1536 3082 τίς

291 3113 449 3195 σφαγεὺς
476 3111 572 3193 ἄγειν
598 3111 639 3176 τδι
665 3111 801 3192 θύματα
826 3111 904 3176 τόδε
927 3109 1041 3195 ἕτοιμα
1064 3118 1111 3187 εἰς
1126 3109 1260 3191 “Αιδου;
1287 3134 1348 3177 neo
1370 3112 1537 3197 probabile

290 3239 374 3300 esse,
398 3217 461 3282 hoo
484 3217 615 3300 quidem
633 3218 716 3300 loeo,
740 3220 928 3301 insequente
946 3219 1134 3301 praesertim
1154 3218 1313 3303 ἀγόμεθα,
1338 3220 1535 3284 infinitivum

291 3328 390 3409 ἄγειν
413 3325 454 3390 ab
477 3323 592 3409 ἕτοιμα
615 3323 808 3409 pendentem
831 3325 974 3410 positum
998 3348 1059 3409 pro
1082 3326 1219 3411 passivo.
1262 3326 1366 3411 Atqui
1389 3350 1448 3393 nos
1472 3328 1535 3411 pri-
1549 3362 1576 3401 20

292 3455 383 3497 mum
416 3433 449 3496 in
483 3434 639 3498 orationis
671 3432 776 3497 forma
808 3432 984 3497 evolvenda
1016 3433 1056 3497 ab
1085 3433 1295 3498 eruditissimi
1323 3434 1385 3498 viri
1414 3434 1535 3499 iudicio

293 3539 502 3624 discedimus3
517 3539 572 3623 qui
587 3538 714 3604 sublato
728 3561 824 3604 versu
838 3539 978 3605 seeundo
993 3543 1102 3605 tamen
1115 3540 1174 3605 has
1192 3542 1270 3617 duas
1281 3564 1349 3605 esse
1361 3544 1535 3605 sententias

295 3645 430 3711 alteram
443 3647 537 3711 alteri
551 3646 761 3711 confirmandi
777 3646 958 3731 explicandi
973 3669 1069 3711 eausa
1078 3647 1251 3712 subiectam
1265 3648 1437 3712 malumus:
1450 3649 1536 3731 ‘quis

297 3758 465 3818 mactator:
480 3758 610 3838 paratae
624 3750 740 3838 (enim)
759 3757 834 3817 sunt
852 3752 907 3818 hio
924 3752 1050 3819 hostiae
1069 3775 1151 3839 quae
1170 3754 1327 3819 ducantur
1346 3757 1379 3819 in
1394 3752 1534 3819 Oreum?

301 3858 368 3934 Qua
381 3860 415 3924 in
432 3882 466 3924 re
486 3882 560 3925 oum
578 3859 677 3925 verba
694 3861 764 3944 ipsa
784 3859 898 3945 ἕτοιμα
917 3865 948 3925 ot
967 3861 1045 3925 τάδε
1064 3861 1148 3926 hano
1167 3863 1270 3945 magis
1289 3862 1472 3928 iuncturam
1488 3883 1536 3924 re·

303 3966 402 4049 cipere
429 3967 613 4051 videantur,
639 3972 708 4031 tum
732 3967 814 4031 illud
837 3989 897 4032 nos
920 3972 1043 4052 movet,
1071 3969 1157 4051 quod
1182 3970 1289 4049 ἱερεὺς
1312 3970 1363 4032 vel
1387 3970 1536 4051 σφαγεὺς

306 4072 413 4153 ἄγειν
430 4075 469 4139 τὰ
488 4075 624 4159 θύματα
642 4076 772 4159 proprie
792 4074 856 4139 diei
874 4096 941 4139 non
954 4077 1072 4159 potuit,
1091 4076 1199 4159 potuit
1214 4076 1361 4159 σφάζειν,
1381 4072 1535 4159 δύεινῖμ

309 4176 457 4264 dirempta
485 4186 593 4246 autem
621 4183 781 4246 sententia
808 4183 843 4245 in
869 4187 977 4266 partes
1007 4182 1099 4265 duas,
1128 4204 1200 4247 oum
1225 4182 1358 4263 θύματα
1382 4186 1419 4245 ut
1442 4202 1535 4265 opor

311 4284 391 4351 tebat
410 4288 577 4353 inductum
596 4289 751 4353 orationis
770 4288 910 4353 colorem
929 4288 1076 4369 retineat,
1101 4287 1227 4372 reliqna
1245 4290 1341 4372 ἄγειν
1359 4291 1406 4365 εἰς
1417 4286 1536 4352 Ἀιδου

315 4388 368 4456 iam
382 4392 531 4460 liberiore
548 4394 645 4459 modo
664 4395 791 4460 adneoti
808 4395 899 4460 nullo
914 4394 1119 4460 incommodo
1133 4399 1293 4479 poterant.
1330 4394 1533 4459 Infinitivum
1548 4434 1576 4474 ,0

317 4502 407 4565 autem
425 4502 576 4585 activum,
594 4500 650 4565 nbi
668 4503 828 4585 passivam
847 4502 983 4567 formam
1003 4502 1246 4586 exspectaveris,
1265 4501 1534 4566 Wilamowitaius

391 4676 450 4746 ⁸11)
469 4676 562 4747 lphig.
576 4675 659 4731 Taur.
675 4681 726 4729 869

584 4761 618 4820 οὗ
636 4762 666 4833 μ’
688 4764 755 4820 ὥστε
776 4766 881 4839 μόσχον
899 4768 1045 4821 Δαναΐδαι
1063 4767 1239 4837 χειρούμενοι

584 4854 713 4923 ἔσφαζον,
733 4854 823 4923 ἱερεὺς
841 4853 871 4910 δ’
892 4850 927 4924 ἦν
947 4855 962 4910 δ
981 4854 1118 4925 γεννήσας
1136 4856 1236 4923 πατήρ.

321 4930 378 4991 lbid.
391 4945 535 4997 sit-624.

393 5028 455 5101 ⁸27>
473 5031 505 5084 In
525 5030 628 5085 Alcest.
644 5037 724 5101 usq.
744 5048 818 5101 quae
836 5033 969 5103 leguntur

585 5119 639 5189 ἤδη
657 5122 689 5176 δὲ
708 5120 791 5177 τόνδε
813 5121 945 5177 Θάνατον
964 5124 1062 5190 εἰσορῶ
1080 5122 1180 5191 πέλας,

584 5208 644 5279 ὅσση
663 5208 828 5278 θανόντων,
848 5209 879 5275 ὅς
897 5232 943 5265 νιν
963 5213 1002 5275 εἰς
1015 5209 1110 5267 Ἅιδου
1130 5212 1235 5281 δόμους

585 5297 673 5367 μέλλει
692 5300 824 5365 κατάξειν

321 5384 504 5440 mundentur
521 5402 687 5458 repugnare.
