3925 6675
574 1122 625 1174 DE
643 1120 774 1172 TRIBUS
792 1119 899 1172 LOCIS
918 1118 1100 1169 HERCULIS
1119 1117 1347 1168 EURIPIDEAE.
1511 1111 1576 1176 267

389 1279 474 1365 exigua
498 1285 672 1349 mutatione
704 1280 905 1367 aequabilem
939 1279 1094 1345 orationis
1123 1277 1314 1364 elegantiam
1342 1281 1577 1362 recuperarunt

389 1383 434 1450 Sed
453 1411 548 1456 rursus
575 1411 642 1454 non
668 1395 735 1455 tam
762 1390 825 1455 hoc
854 1389 1033 1472 quaeritur,
1061 1408 1118 1450 cur
1141 1408 1223 1470 quae
1246 1385 1334 1451 docti
1356 1383 1503 1448 hominos
1526 1407 1578 1449 ex-

389 1494 530 1579 annunt
555 1497 682 1582 placere
708 1497 850 1582 possint,
883 1517 980 1578 quam
1009 1492 1089 1558 illud
1116 1493 1225 1578 potius
1254 1515 1310 1558 cur
1338 1515 1420 1576 qnae
1448 1492 1578 1577 scriptis

388 1595 454 1664 libris
470 1609 591 1689 accepta
612 1605 745 1669 ferimus
764 1603 898 1668 tolerari
915 1624 982 1667 non
1000 1601 1135 1686 possint.
1171 1599 1221 1666 Ac
1238 1600 1333 1670 nobis
1352 1601 1481 1683 quidem
1500 1600 1579 1666 baec

388 1703 437 1788 ipsa
453 1708 548 1776 tabula
569 1711 723 1797 praebere
745 1711 814 1775 visa
837 1715 900 1793 est,
928 1732 1009 1794 quae
1032 1710 1101 1793 pari
1124 1708 1220 1773 modo
1244 1709 1433 1773 inconcinne
1457 1712 1579 1774 structa

389 1810 426 1876 lili
445 1817 650 1903 inaequalitati
677 1820 833 1884 sermonis
862 1818 1029 1902 suppetias
1051 1818 1136 1881 ferre
1158 1816 1292 1901 possint.
1330 1815 1419 1881 Haec
1443 1815 1578 1879 dicimus

390 1938 445 2002 qaae
461 1925 525 1990 inda
547 1949 567 1990 a
588 1949 618 1991 v.
639 1926 705 1991 140
727 1926 870 1990 eiusdem
894 1924 973 2009 Lyci
998 1924 1095 1989 verba
1117 1925 1271 2010 leguntur

507 2035 567 2098 τὸν
585 2032 782 2116 Ἡράκλειον
804 2032 930 2114 πατέρα
952 2030 1008 2097 καὶ
1032 2030 1212 2114 ξυνάορον,

506 2143 537 2205 εί
558 2143 621 2224 χρή
643 2137 691 2223 μ’,
715 2139 839 2224 ἐρωτῶ·
863 2141 924 2224 χρη
949 2137 992 2222 δ’,
1016 2137 1089 2204 ἐπεί
1111 2162 1147 2220 γε
1171 2142 1332 2222 δεσπότης

505 2246 615 2328 ὑμῶν
636 2245 828 2331 καθέστηχ’,
852 2248 999 2330 λστορελν
1022 2246 1041 2311 ἃ
1065 2247 1243 2331 βούλομαι,
1593 2275 1619 2314 ιο

505 2352 568 2418 τίν’
596 2356 644 2430 είς
666 2356 790 2439 χρόνον
813 2357 961 2438 ζητεῖτε
985 2363 1129 2438 μηκῦναι
1153 2356 1236 2436 βίον.

389 2445 445 2520 llam
461 2465 539 2525 recta
561 2461 788 2548 progrediente
811 2462 957 2526 oratione
980 2461 1092 2526 αὐτῶν
1115 2463 1363 2545 exspectaveris,
1387 2484 1452 2527 non
1475 2463 1578 2546 ὑμῶν,

389 2576 540 2650 quanquam
567 2567 608 2632 ad
636 2568 700 2634 hoc
725 2589 906 2653 pronomen
933 2591 1044 2633 rursus
1071 2569 1199 2633 facilins
1227 2572 1348 2650 ζητεῖτε
1372 2570 1578 2635 referebatur.

389 2658 431 2730 itt
448 2693 558 2739 somma
580 2676 753 2751 sententia,
780 2676 844 2740 nisi
867 2676 952 2740 fallit
975 2677 1101 2760 opini0‚
1127 2677 1207 2740 haec
1231 2681 1279 2740 est
1301 2679 1361 2742 τὸν
1379 2676 1578 2759 Ἡράκλειον

388 2775 474 2862 πῑῐῐὲρα
488 2780 540 2846 καλ
560 2781 726 2864 ξυνάορον
745 2782 867 2867 ἐρωτῶ,
892 2781 955 2847 τίν’
978 2784 1026 2860 εἰς
1045 2786 1167 2868 χρόνον
1186 2787 1306 2866 ζητεῖτε
1325 2793 1468 2868 μηκῦναι
1488 2786 1577 2866 βίους

390 2895 443 2958 que
457 2889 524 2971 quid
542 2890 764 2955 similitudinis
783 2889 922 2955 babeant
938 2911 1011 2955 cnm
1027 2891 1083 2955 illo
1099 2890 1229 2955 exordio
1246 2892 1401 2956 sermonis
1417 2892 1452 2956 in
1466 2896 1576 2975 aperto

389 2990 426 3049 ”l
451 2990 487 3058 lit
510 2995 587 3060 talia
615 3001 729 3081 suapte
757 3003 873 3062 natura
899 2997 1038 3061 maxime
1066 2997 1172 3062 locum
1199 2997 1320 3061 habent
1347 2998 1381 3061 in
1409 2999 1576 3083 principiis

391 3109 543 3188 amonum3
565 3104 657 3169 onius
681 3104 806 3190 generis
820 3125 880 3168 nos
900 3104 1029 3187 quidem
1048 3127 1114 3170 non
1132 3104 1234 3168 multa
1252 3104 1382 3169 laudare
1396 3127 1577 3191 possumus,
1639 3186 1643 3193 .

390 3197 426 3262 ”d
443 3225 495 3272 non
520 3209 706 3275 dubitamus
734 3211 813 3295 quin
841 3210 1029 3297 diligentior
1056 3211 1237 3278 observatio
1266 3212 1360 3296 plura
1389 3216 1421 3276 et
1443 3213 1578 3279 meliora

389 3299 485 3381 funs„
507 3316 697 3405 indagatum
721 3319 772 3383 sit.
808 3316 858 3383 lta
881 3321 1047 3397 Βασιλεὺς
1068 3320 1103 3385 in
1126 3318 1279 3405 Aeschyli
1304 3318 1511 3404 Supplicibus
1535 3323 1574 3387 ab
1590 3349 1618 3389 ao

390 3404 565 3489 ljtversibus
589 3424 715 3491 orditur
737 3425 831 3513 (224)

504 3533 658 3598 ποδαπὸν
680 3533 800 3618 ὅμιλον
821 3531 911 3599 τόνδ’
939 3533 1223 3618 ἀνελληνόστολον

504 3638 659 3705 πέπλοισι
682 3639 881 3725 βαρβάροισι
904 3640 959 3707 καί
984 3644 1179 3727 πυκνώμασι
1253 3683 1254 3686 =

506 3750 641 3831 χλίοντα
663 3757 945 3833 κροσφωνοῦμεν;
969 3748 1011 3814 οὐ
1035 3751 1097 3832 γὰρ
1117 3748 1263 3832 Ἀργολὶς

505 3852 609 3937 ἐσθὴς
630 3865 800 3936 γυναικῶν
823 3853 896 3920 οὐδ’
924 3853 990 3939 ἀφ’
1008 3853 1166 3933 Ἑλλάδος
1189 3859 1308 3921 τόκων,

366 3947 391 4003 ¹⁸
505 3960 593 4037 ὅπως
616 3958 653 4026 δὲ
676 3963 788 4046 χώραν
811 3963 889 4027 οὔτε
912 3963 1067 4047 κηρύκων
1090 3963 1170 4047 ὕπο,

504 4066 682 4152 ἀπρόξενοί
701 4092 753 4148 τε,
776 4071 899 4152 νόσφιν
922 4070 1068 4153 ἡγητῶν,
1091 4076 1206 4155 μολεῖν

504 4170 628 4258 ἔτλητ’
655 4174 833 4260 ἀτρέστως,
856 4185 955 4242 τοῦτο
978 4180 1176 4262 θαυμαστὸν
1199 4178 1299 4244 πέλει.

389 4252 572 4364 Illluripidis
605 4286 712 4347 antem
741 4281 951 4368 supplicibus
979 4283 1122 4349 Theseus
1155 4287 1305 4369 praeconi
1338 4286 1414 4351 baec
1447 4308 1577 4372 respon-

389 4362 515 4474 dMilli)
1591 4419 1617 4460 ιο

503 4499 631 4580 κομψός
653 4494 687 4581 γ’
712 4496 729 4562 δ
753 4496 873 4581 κῆρυξ
896 4500 950 4564 καλ
973 4500 1181 4584 παρεργάτης
1205 4504 1321 4584 λόγων.

504 4600 573 4668 ἐπεὶ
597 4602 625 4669 δ’
655 4603 769 4686 ἀγῶνα
791 4603 846 4669 καλ
870 4608 917 4671 σὺ
940 4604 1030 4671 τόνδ’
1058 4608 1252 4691 ἠγωνίσω,

503 4708 617 4776 ἄκου’·
640 4711 784 4796 ἀμιλλαν
806 4714 868 4795 γάρ
893 4716 936 4778 σὺ
958 4714 1154 4798 προύθηκας
1178 4718 1287 4797 λόγων

378 4800 493 4899 fidenque
514 4818 549 4882 in
572 4818 683 4884 eadem
706 4819 817 4884 fabula
840 4818 886 4884 ita
908 4819 1055 4906 loquitur
1079 4819 1174 4908 (840)

718 4936 785 4991 νῦν
809 4924 839 4991 δ’
859 4924 1073 5011 Ἄδραστον
1097 4929 1232 5012 ίστορῶ·

503 5036 613 5099 κόθεν
635 5032 715 5099 ποθ’
742 5033 813 5099 οἵδε
836 5034 1029 5119 διαπρεπεῖς
1052 5035 1195 5123 εὐψυχίᾳ

502 5147 640 5224 θνητῶν
661 5137 806 5224 ἕφυσαν;
829 5141 916 5206 είπέ
937 5141 982 5224 γ’,
1006 5142 1051 5218 ὡς
1074 5145 1273 5227 σοφώτερος.

356 5244 410 5312 Sed
439 5248 591 5331 quoniam
620 5248 727 5334 agitur
755 5248 794 5313 de
821 5248 1035 5313 convertenda
1063 5251 1208 5314 oratione
1236 5275 1255 5315 a
1282 5251 1432 5315 narrandi
1460 5252 1495 5314 in
1522 5272 1575 5333 ap-

347 5354 483 5443 pellandi
510 5359 543 5419 et
570 5354 764 5440 adloquendi
792 5356 923 5421 modum
951 5377 1018 5421 non
1045 5356 1078 5420 in
1104 5357 1273 5441 principiis
1298 5378 1479 5422 sermonum
1503 5357 1576 5421 sub-
