3925 6675
407 1125 475 1189 454
600 1128 671 1178 LVI.
690 1127 804 1178 INDEX
824 1125 1039 1179 LECTIONUM
1057 1129 1300 1179 flmsRNsRUM
1319 1127 1453 1195 1902JOB.

406 1287 523 1352 similis
547 1288 732 1372 sententies,
756 1310 852 1372 quem
875 1249 1021 1354 sNonib
1041 1313 1071 1374 p.
1093 1289 1165 1372 146,
1184 1288 1228 1354 30
1251 1287 1384 1353 aliatum
1409 1310 1507 1373 supra
1524 1311 1555 1372 p.
1573 1288 1641 1354 450

406 1396 625 1480 opposuimus.
666 1393 767 1472 Quem
799 1396 863 1460 iem
897 1395 1148 1480 disceptabimus
1180 1397 1301 1480 peuois.
1342 1395 1394 1460 Ex
1420 1394 1513 1460 Accii
1541 1392 1642 1481 igitur

406 1501 694 1589 Agamemnonidis
716 1501 796 1568 hoec
818 1502 1007 1568 afferuntur:
1029 1504 1218 1568 iuimicitias
1241 1502 1468 1584 Pelopidarum
1490 1503 1642 1568 ootiortos

405 1609 474 1674 iom
496 1615 587 1691 atque
608 1609 799 1676 oblitteratas
821 1611 972 1675 memorio
994 1631 1150 1676 rotwvore.
1182 1609 1327 1686 Quorum
1349 1611 1508 1674 sententis
1529 1613 1642 1694 operta

406 1719 456 1780 est
481 1737 587 1800 neque
614 1715 668 1780 hio
696 1716 825 1799 quidem
849 1716 1076 1798 Pelopidarum
1099 1717 1287 1782 bttmiottioo
1310 1737 1391 1800 quoe
1415 1715 1563 1781 dicontur
1585 1715 1642 1780 ob·

407 1844 546 1888 sourum.
583 1821 622 1887 In
649 1822 756 1887 verbis
783 1822 896 1888 haeret
923 1822 1047 1908 aliquid
1071 1822 1282 1888 dubitationis
1305 1826 1438 1907 propter
1461 1822 1641 1907 discrepen-

406 1929 486 1992 tiom
512 1927 684 1993 libromm:
711 1951 786 1994 nom
814 1930 843 1994 si
864 1951 976 1995 verum
1000 1933 1062 2014 est,
1091 1930 1178 2014 quod
1201 1933 1362 1994 testentur
1385 1929 1480 2014 docti,
1503 1929 1537 1994 iu
1560 1927 1640 1994 Hor·

393 2035 511 2106 <Ieiuno
539 2036 649 2101 oodioe
676 2036 781 2120 prims
808 2059 906 2102 monn
934 2041 1099 2103 exaratum
1127 2058 1197 2102 esse
1220 2037 1307 2120 quod
1330 2058 1428 2122 supro.
1451 2036 1677 2121 scripsimusss

406 2143 557 2208 minoas
584 2144 650 2208 tom
677 2149 769 2226 atoue
794 2144 996 2224 oblitterato,
1025 2165 1090 2208 nou
1113 2143 1224 2209 licebit
1246 2164 1316 2208 eom
1339 2142 1565 2208 auctoritatem
1586 2163 1641 2207 ne-

367 2276 393 2316 io
406 2249 539 2334 gligere,
562 2249 618 2314 sed
639 2253 747 2315 tamen
766 2252 884 2316 mirum
902 2255 961 2334 est,
984 2272 1056 2316 oum
1077 2250 1155 2315 hoen
1173 2249 1350 2334 probabilis
1369 2249 1529 2333 scripturo
1548 2253 1640 2333 esset,

405 2357 590 2422 eorreotrici
616 2379 715 2422 manu
743 2357 778 2422 in
806 2357 917 2422 eodem
944 2356 1053 2423 oodioe
1081 2356 1230 2422 effectum
1254 2379 1323 2422 esse
1345 2359 1480 2422 octono
1502 2361 1568 2422 tom
1590 2356 1641 2422 ob·

404 2464 572 2542 litteratos,
600 2464 687 2548 quod
714 2464 821 2548 ipsum
848 2465 925 2528 ferri
952 2486 1018 2528 non
1046 2467 1162 2548 potest.
1200 2462 1263 2528 Sed
1285 2467 1335 2528 est
1357 2463 1437 2528 hoec
1460 2467 1640 2527 ceterorum

378 2567 620 2656 ,scripturo*)‚
643 2571 695 2635 oui
718 2572 747 2636 si
770 2571 848 2655 quid
871 2571 1077 2636 tribuendum
1101 2571 1153 2654 sit,
1176 2570 1324 2636 molimus
1349 2592 1420 2635 oum
1446 2567 1639 2646 Quiobersto

406 2676 545 2742 scribere
565 2679 717 2743 mimos
733 2683 767 2742 ot
783 2679 860 2742 tom
879 2678 948 2757 obt,
972 2679 1049 2762 quie
1068 2679 1134 2742 iam
1152 2698 1218 2743 non
1237 2677 1343 2742 minus
1362 2680 1446 2762 apte,
1469 2676 1524 2742 sed
1542 2673 1639 2762 poulo

405 2783 542 2850 fortasse
565 2785 673 2869 aptius
696 2806 770 2850 oum
792 2785 983 2850 oblitteratas
1005 2807 1101 2868 quum
1123 2805 1196 2849 oum
1215 2785 1365 2850 extinctos
1385 2781 1639 2870 coniungitur*).

405 2889 469 2956 Sed
496 2889 670 2956 Harleiano
703 2891 806 2958 oodioi
839 2893 867 2956 si
898 2891 978 2955 fides
1007 2895 1068 2974 est,
1101 2891 1190 2956 illam
1222 2892 1413 2975 seripturam
1446 2890 1639 2954 retineamus

405 3002 543 3082 oportet.
579 2996 728 3063 Ceterum
752 2999 791 3062 de
814 3021 852 3063 ee
873 3021 908 3063 re
931 3002 1006 3063 utut
1029 2998 1198 3082 iudicatur,
1220 2996 1260 3062 od
1284 3001 1386 3062 totam
1408 2996 1547 3062 formum
1570 3018 1639 3062 oru-

403 3106 504 3174 tionis
522 3110 578 3170 ont
596 3106 774 3170 sententiae
791 3104 875 3169 nihil
893 3105 968 3170 inde
987 3105 1207 3191 ambiguitatis
1226 3104 1403 3170 redundare
1422 3108 1567 3188 opertum
1581 3109 1638 3170 est.

405 3211 470 3278 Sed
492 3212 589 3277 rerba
610 3211 703 3278 Accii
725 3212 864 3277 editores
886 3211 988 3277 Nouii
1011 3215 1043 3276 et
1062 3211 1260 3290 Ribbeokius
1284 3211 1363 3275 duce
1382 3209 1500 3276 Vossio
1521 3211 1555 3274 iu
1574 3213 1638 3276 tres

364 3346 391 3387 so
405 3342 516 3385 versus
540 3319 778 3385 distribuendos
802 3319 974 3384 duxerunt:

891 3428 1079 3492 inimitittos
1103 3426 1291 3508 Petopidom

537 3534 705 3600 Extinctos
727 3536 794 3599 iom
817 3540 908 3616 atque
930 3534 1121 3599 oblitteratas
1143 3535 1294 3599 mommio

538 3639 708 3705 Rooovdre.

404 3744 445 3812 In
466 3747 583 3831 quibus
606 3747 761 3811 trimetris
784 3746 868 3811 nihil
890 3752 939 3811 est
962 3746 1049 3831 quod
1071 3746 1163 3811 vslde
1183 3748 1392 3831 vituperetur,
1415 3748 1471 3811 sed
1491 3752 1637 3813 onustare

403 3874 471 3921 non
490 3856 640 3938 poterant
657 3854 721 3918 nisi
740 3853 967 3937 Pelopidomm
985 3854 1115 3919 nomine
1133 3854 1168 3919 in
1186 3855 1320 3919 alterum
1339 3854 1477 3919 formem
1496 3854 1637 3941 genetivi

404 3964 540 4030 mutato.
558 3958 651 4037 Quod
666 3982 722 4027 our
735 3961 949 4046 improbabile
963 3960 1145 4025 habendum
1161 3962 1204 4025 sit
1219 3982 1316 4045 supra
1330 3984 1361 4045 p.
1375 3960 1442 4026 450
1455 3962 1636 4046 expositum

404 4072 462 4133 est.
500 4068 727 4151 Pelopidarum
745 4072 854 4135 nutem
872 4068 900 4133 si
919 4090 1091 4152 servamus,
1114 4067 1201 4151 quod
1220 4068 1301 4133 ratio
1321 4068 1443 4153 suadet,
1462 4072 1569 4133 sotum
1589 4074 1637 4134 est

405 4174 444 4239 de
462 4175 529 4240 illis
546 4175 692 4240 versibus
711 4178 744 4239 et
763 4180 1013 4241 consentaneum
1032 4178 1081 4241 est
1100 4174 1209 4239 oonori
1228 4195 1287 4239 nos
1306 4178 1420 4259 poetae
1434 4174 1521 4239 aliud
1536 4198 1637 4261 genus

404 4286 581 4347 metrorum
604 4282 745 4347 reddere.
780 4280 817 4345 Id
841 4282 929 4365 quod
946 4280 1038 4347 nullo
1056 4282 1188 4367 negotio
1208 4281 1357 4367 efficitur,
1380 4284 1407 4347 si
1426 4282 1555 4366 quidem
1580 4305 1636 4347 suu

364 4416 391 4457 so
405 4394 519 4473 sponte
542 4388 620 4453 boec
642 4387 749 4471 verbo,
772 4409 837 4452 nou
856 4392 968 4453 oonotu
985 4388 1097 4453 critico
1116 4388 1206 4453 iussu
1225 4390 1422 4453 mensionem
1440 4388 1636 4455 troohniosm

405 4494 513 4559 subire
535 4494 741 4559 menifestum
764 4498 822 4577 est,
845 4495 912 4559 sire
934 4493 996 4565 hoo
1015 4494 1110 4559 modo
1129 4497 1167 4559 ut
1184 4496 1345 4581 integrum
1366 4494 1565 4560 octonarium
1585 4518 1638 4561 ex-

404 4601 525 4685 cipient
548 4602 673 4685 reliquo

538 4684 732 4773 I'oimioitios
756 4706 986 4791 Pe'toptdomm
1008 4712 1159 4775 onttootos
1181 4710 1248 4773 tom
1272 4715 1362 4791 atquo
1384 4709 1575 4775 oblitteratas

538 4814 699 4879 Metnorio
719 4834 869 4880 renovare

493 5026 556 5095 ⁸1⁸)
575 5025 617 5078 Ex
639 5030 670 5081 to
692 5028 791 5081 notum
813 5043 899 5081 corno
918 5025 1063 5081 Urbinstis
1088 5026 1207 5094 codicis,
1230 5042 1264 5081 ex
1287 5042 1342 5095 quo
1366 5025 1439 5081 nibil
1458 5025 1636 5083 effioiendum

404 5118 473 5168 eret.
507 5112 651 5169 Mirabilin
669 5116 736 5169 sunt
753 5114 1017 5211 quneQItibbeckius
1037 5114 1131 5169 coroll.
1147 5132 1216 5169 com.
1232 5134 1313 5169 nmo
1332 5114 1438 5171 seribit.

493 5204 556 5273 ‘1o)
575 5202 616 5257 Cf.
632 5204 727 5259 Cioero
740 5204 771 5257 in
784 5202 862 5259 Vsrr.
877 5224 898 5257 11
912 5224 922 5257 1
937 5210 980 5271 21,
995 5208 1029 5257 56
1048 5222 1082 5258 oo
1095 5206 1160 5259 boec
1174 5206 1296 5275 cuipiam
1310 5206 1394 5259 nimio
1407 5206 1525 5273 arenoso
1539 5212 1564 5259 st
1579 5206 1634 5259 iao·

403 5294 521 5348 obsoleto
543 5293 696 5347 videam.
729 5292 818 5347 Varro
837 5293 873 5349 de
890 5292 909 5347 L
924 5293 953 5347 L.
968 5312 997 5346 rx
1013 5298 1045 5346 16
1068 5294 1108 5348 sio
1130 5296 1201 5348 enim
1226 5294 1386 5349 ottotoeoeot
1408 5308 1441 5347 oo
1460 5300 1555 5363 posteo
1580 5295 1635 5347 tom

403 5384 559 5439 oblitterato
577 5383 693 5449 samios
709 5383 812 5454 corripi
824 5389 963 5453 potentat.
