3925 6675
690 1133 939 1196 ounssnonss
958 1132 1267 1186 ARISTOPHANEAE.
1533 1133 1596 1198 301

367 1293 493 1360 ratione
515 1294 702 1378 instituerit,
724 1315 791 1358 non
813 1293 892 1359 dicit
914 1297 1034 1380 aperte,
1056 1298 1088 1359 et
1112 1299 1250 1360 metrum
1269 1317 1335 1360 non
1353 1295 1502 1361 obstabat
1522 1318 1599 1382 quo·

366 1403 472 1468 minus
505 1403 624 1467 omisso
656 1401 754 1467 verbo
786 1422 907 1467 nomen
936 1405 1128 1467 servaretur:
1159 1403 1291 1490 μεγάλῳ
1318 1410 1413 1490 τυφῷ
1437 1401 1492 1468 καὶ
1519 1425 1599 1488 πρη·

366 1519 462 1594 στηρι
479 1509 491 1593 ΙΙ
508 1507 745 1592 ξυγγογγύλας.
781 1507 844 1573 Sed
868 1506 1018 1590 (lobetue,
1040 1508 1103 1574 nisi
1127 1508 1205 1594 quid
1223 1509 1312 1574 uliud
1329 1531 1411 1604 eum,
1435 1509 1521 1594 qnod
1538 1532 1598 1576 nos

312 1617 462 1704 ningit,
484 1617 518 1680 in
537 1616 719 1682 coniunctis
735 1615 922 1682 nominibus
940 1615 1025 1680 male
1043 1615 1191 1700 habebat,
1214 1617 1352 1682 fortasse
1370 1616 1598 1702 aequabilitate

366 1723 504 1808 quadam
519 1723 674 1788 orationis
688 1721 845 1788 adductus
859 1727 918 1806 cst,
930 1727 968 1788 ut
982 1745 1056 1788 cum
1069 1745 1169 1788 nuum
1183 1723 1315 1790 verbnm
1332 1725 1537 1808 relinqueret,
1558 1746 1599 1788 ne
1615 1761 1619 1775 =

365 1829 430 1895 dno
449 1829 578 1914 quidem
596 1830 816 1895 nominasses
835 1828 940 1894 vellet
976 1828 1016 1894 In
1034 1834 1170 1915 ubsque
1188 1853 1223 1894 rs
1242 1827 1383 1896 Cobstus
1402 1830 1598 1896 Meinelrium

365 1937 594 2002 assentientem
616 1936 732 2002 habuit
755 1937 811 2021 qui
834 1941 867 2002 et
889 1936 1087 2020 Lysistratus
1110 1958 1222 2002 versus
1241 1941 1273 2002 st
1291 1937 1598 2025 Thesmophoriazu-

364 2064 473 2108 sarum
504 2065 638 2129 prorsus
669 2043 709 2107 ad
738 2042 853 2108 (lobeti
879 2048 1019 2109 mentem
1047 2043 1156 2109 edidit.
1197 2043 1235 2110 In
1262 2044 1441 2129 Lysistrata
1468 2045 1597 2130 quidem

365 2149 488 2216 (lobeto
513 2149 633 2216 diserte
655 2149 870 2235 adstipulatus
893 2155 943 2216 est
962 2149 1016 2215 W.
1035 2151 1273 2218 Rutherfordus
1297 2153 1353 2237 qui
1377 2151 1511 2218 ‘scholia
1525 2151 1597 2217 Ari-

364 2257 567 2344 stophanica’
596 2279 679 2342 quae
701 2263 777 2322 sunt
799 2258 834 2322 in
856 2257 967 2324 codice
990 2257 1170 2323 Ravennati
1193 2259 1367 2324 utilissimo
1391 2260 1541 2324 instituto
1565 2264 1597 2324 et
1612 2285 1638 2326 ιο

364 2385 483 2450 magna
510 2363 679 2450 diligentia
706 2364 913 2430 describenda
939 2365 1064 2430 curavit
1091 2369 1125 2430 et
1147 2364 1270 2431 erudite
1293 2365 1524 2451 interpretatus
1547 2371 1597 2432 ost

364 2470 519 2557 (Londini
538 2469 698 2558 a.1896);
717 2473 773 2557 qui
793 2493 858 2556 quo
877 2472 1056 2537 audentius
1076 2472 1127 2555 sit,
1147 2471 1383 2558 Aristophanes
1401 2477 1495 2538 aucta
1513 2473 1596 2560 glos·

366 2579 499 2643 sematis
522 2601 605 2662 esse,
627 2579 707 2644 haec
729 2578 832 2644 oculis
853 2579 1009 2665 proponit

683 2687 839 2774 μεγάλῳ
862 2693 981 2774 coppi:
1004 2696 1167 2772 πρηστῆρι

683 2791 971 2876 ξυγγογγύλαςε
995 2793 1229 2881 συστρέψας*).

362 2897 467 2964 Nobis
495 2901 636 2984 primum
664 2899 739 2965 inde
766 2900 927 2965 dubitatio
955 2900 1071 2966 oborta
1098 2905 1160 2984 est,
1192 2902 1279 2985 quod
1306 2901 1385 2966 haec
1412 2901 1475 2967 duo
1503 2911 1598 2990 τυφῷ

361 3006 417 3072 καὶ
448 3017 612 3092 πρηστῆρι
644 3028 710 3072 non
739 3007 845 3072 minus
873 3007 1042 3073 commode
1070 3009 1249 3094 comparari
1277 3008 1470 3093 putabamus
1498 3031 1594 3092 quarn

363 3135 446 3198 quae
468 3115 502 3179 in
525 3113 702 3199 Equitibns
724 3113 878 3200 leguntur
900 3112 996 3201 (511)

407 3219 462 3285 καὶ
485 3225 646 3304 γενναίως
668 3224 752 3306 πρὸς
775 3223 836 3288 τὸν
864 3225 965 3305 Τυφῶ
990 3233 1092 3306 χωρεῖ
1111 3219 1166 3287 καὶ
1189 3224 1250 3306 τὴν
1274 3221 1415 3306 ἐριώλην

360 3333 418 3393 aut
440 3329 475 3393 in
496 3326 648 3395 Nubibus
671 3327 767 3416 (336)
1607 3354 1634 3394 ιο

405 3438 596 3521 πλοκάμους
617 3435 654 3501 e‘
681 3436 926 3521 ἑκατογκεφάλα
954 3441 1056 3522 lopo
1079 3438 1330 3523 πρημαινούσας
1352 3460 1386 3501 τε
1409 3436 1571 3520 θυέλλας,

361 3565 499 3627 quorum
527 3542 566 3608 de
593 3548 708 3609 neutro
737 3546 908 3630 quicquam
937 3544 1063 3609 detrahi
1086 3549 1208 3630 potest3
1235 3549 1268 3609 et
1291 3544 1446 3628 quodibi
1473 3545 1594 3628 Topicis

360 3649 529 3715 fabulosus
556 3650 687 3732 dicibrr,
715 3653 767 3717 cui
793 3673 910 3717 nomen
938 3653 1075 3717 alterurn
1104 3651 1219 3716 similis
1245 3652 1301 3716 sed
1324 3652 1473 3736 propriae
1496 3652 1592 3737 signi·

360 3758 522 3823 ficationis
544 3757 703 3843 adiicitur,
725 3763 834 3824 tamen
855 3758 935 3825 haec
958 3780 1024 3823 non
1049 3759 1079 3823 vi
1104 3759 1166 3823 alia
1189 3763 1426 3843 componuntur
1445 3780 1540 3843 quam
1560 3758 1592 3822 in

358 3864 541 3949 Lysistrata
564 3865 627 3929 duo
651 3866 784 3950 propria

501 3964 509 3977 ⁴
679 3974 811 4061 μεγάλῳ
835 3982 930 4061 τυφῷ
949 3972 1004 4038 καὶ
1027 3982 1198 4057 πρηστῆρι.

358 4078 404 4143 Et
430 4078 458 4143 si
486 4078 565 4144 haec
588 4079 651 4143 duo
674 4101 802 4145 necesse
826 4085 874 4145 est
896 4081 968 4165 ipso
993 4079 1119 4146 vindice
1141 4078 1358 4164 Aristophane
1381 4078 1592 4164 obtineamus,

359 4206 467 4251 nonne
484 4186 626 4251 vicissim
645 4186 721 4251 bina
739 4187 870 4252 nomina
888 4186 1082 4253 videbuntur
1101 4187 1184 4251 binis
1199 4185 1306 4250 verbis
1321 4187 1486 4270 suppetias
1500 4186 1592 4270 ferro,

359 4314 400 4358 ne
422 4292 651 4377 aequabilitate
669 4296 817 4381 neglecta
834 4297 971 4360 alterum
990 4316 1100 4361 eorum
1119 4292 1311 4359 obiiciatur?
1340 4291 1402 4358 Sed
1421 4292 1591 4359 verborum

359 4400 496 4464 alterum
519 4398 675 4485 Hesychii
702 4402 923 4466 testimouium
951 4402 1154 4487 proscripsit:
1184 4402 1240 4486 qui
1268 4422 1349 4485 quae
1373 4401 1494 4486 scripta
1516 4405 1591 4465 sunt
1604 4426 1632 4467 ιο
1685 4420 1688 4429 “

359 4506 393 4569 in
422 4506 543 4590 codice,
571 4513 799 4591 γονγυλεῖνε
827 4521 1043 4593 συστρεφεῖν,
1071 4530 1136 4575 non
1164 4509 1309 4593 scripsit,
1338 4508 1394 4573 sed
1421 4512 1478 4573 aut
1505 4508 1591 4593 quod

359 4610 500 4679 Gobetus
517 4614 690 4699 proposuit
706 4616 957 4699 γογγύλλειντ
974 4614 1176 4698 συστρέφειν
1189 4619 1246 4679 aut
1259 4616 1366 4680 minus
1379 4614 1592 4699 probabiliter

357 4718 402 4784 M.
421 4718 621 4787 Schmidtius
643 4724 877 4805 γογγυλσινι
901 4726 1102 4808 συστροφήν.
1140 4722 1203 4788 Sed
1226 4721 1287 4787 hoc
1312 4726 1385 4787 utut
1408 4728 1465 4807 est,
1489 4722 1590 4807 Hesy-

358 4856 573 4864 ———

448 4932 514 5001 *16)
533 4932 613 4987 ldam
631 4942 748 5001 τυφῶνα
767 4934 796 4987 iu
811 4932 995 4989 adnotatione
1010 4932 1201 5003 compluribus
1217 4934 1358 5005 congestis
1373 4932 1521 5003 explicuit3
1541 4934 1589 4987 ssd

358 5020 389 5075 iu
412 5020 527 5077 scholiis
550 5040 615 5077 curn
633 5020 670 5077 ad
689 5040 713 5076 v.
733 5028 786 5076 978
805 5022 875 5078 haec
893 5026 946 5079 ert.
967 5022 1110 5093 adscripta
1128 5024 1186 5077 sint
1206 5024 1251 5063 ‘-
1270 5024 1365 5092 τυφὼς
1383 5022 1414 5078 dl
1435 5021 1451 5090 sl
1470 5024 1500 5077 λιι
1519 5022 1589 5076 ἀνα-

357 5110 520 5181 θυμιάσεως
536 5118 588 5180 τῆς
604 5119 655 5183 γης
673 5114 816 5183 συστροφὴ
834 5112 901 5179 πρὶν
920 5113 1122 5181 έιιπυρωθηναι
1140 5113 1189 5168 τὸν
1203 5110 1283 5181 ἀέρα,
1302 5110 1405 5165 deiude
1420 5111 1455 5165 ad
1471 5116 1523 5164 974
1537 5111 1588 5165 int.

358 5201 468 5272 ρογάλφ
486 5200 624 5268 καύσωνι,
642 5199 713 5255 haec
730 5202 812 5256 nobis
831 5210 907 5271 (nam
926 5200 1132 5255 Rutheriordns
1151 5199 1282 5271 ambigit)
1300 5198 1475 5269 probabilius
1494 5199 1589 5255 viden-

358 5290 406 5342 tur
427 5288 463 5343 ad
482 5297 619 5361 πρηστῆρι
637 5306 720 5359 quarn
740 5290 778 5344 ad
796 5312 822 5359 μ.
841 5294 921 5363 τυφῷ
935 5290 1084 5359 pertinere.
1117 5288 1157 5343 Gi.
1178 5288 1290 5343 Scholia
1308 5288 1338 5342 iu
1357 5288 1389 5342 A.
1403 5286 1588 5357 Lysistratanr

358 5378 402 5432 ed.
422 5394 440 5432 a
458 5376 490 5433 G,
506 5378 584 5434 Stein
603 5378 767 5451 (Gottingae
787 5384 875 5447 1891).
