3925 6675
708 1118 991 1170 suansmouas
1010 1119 1223 1171 poscumus.
1538 1118 1582 1182 23

345 1279 421 1364 lpse
445 1279 533 1363 quod
556 1279 655 1344 scribi
677 1281 807 1363 maluit,
833 1286 916 1345 certo
937 1286 1012 1359 rest,
1042 1301 1108 1344 non
1131 1280 1316 1365 infrequens
1340 1285 1389 1345 est
1412 1302 1513 1366 genus
1537 1281 1583 1346 di·

346 1386 441 1453 cendi
470 1388 504 1450 in
530 1385 652 1451 fabulis
679 1385 853 1469 Plautinis,
880 1391 914 1451 st
941 1388 1003 1451 hoc
1030 1387 1175 1472 potuisse
1202 1409 1275 1452 cum
1298 1386 1400 1452 altero
1424 1387 1510 1472 quod
1533 1392 1582 1453 est

266 1497 277 1515 “’
343 1494 378 1557 in
405 1493 510 1576 libris,
532 1499 648 1557 certum
671 1499 715 1558 cst
736 1494 824 1572 mebi,
846 1495 985 1579 proclivi
1009 1516 1115 1559 errore
1138 1495 1324 1578 permutari,
1346 1494 1416 1558 cius
1435 1495 1480 1558 rei
1500 1494 1580 1559 indi·

344 1601 434 1664 cium
463 1605 526 1683 est,
553 1599 641 1684 quod
669 1600 702 1664 in
725 1598 914 1666 Trinummo
938 1600 1067 1684 111,34
1095 1600 1172 1665 libri
1201 1602 1314 1685 scripti
1337 1601 1382 1666 ita
1406 1600 1582 1686 discedunt,

346 1713 384 1770 ιιι
417 1706 653 1772 Ambrosianus
684 1712 766 1771 certo
798 1713 842 1772 est
871 1729 934 1792 res,
967 1708 1083 1791 reliqui
1116 1708 1192 1773 libri
1225 1714 1368 1773 certumst
1400 1707 1580 1773 exhibeant.

343 1815 636 1898 Aequiescirnusne
659 1814 760 1900 igitur
783 1815 817 1878 in
839 1814 899 1879 hac
923 1817 1095 1900 scriptura,
1124 1838 1220 1898 quam
1249 1814 1393 1880 videmus
1423 1818 1504 1898 quot
1526 1836 1582 1878 no·

343 1921 495 1985 minibus
517 1920 780 1985 commendetur?
815 1920 900 2002 Non,
924 1922 1102 2005 opinamur.
1139 1921 1202 1985 His
1225 1925 1309 1986 enim
1334 1943 1416 2006 quae
1439 1921 1582 2006 disputa-

301 2030 458 2097 evimus
480 2032 608 2092 tantum
631 2027 788 2112 apparuit,
816 2049 925 2092 versus
948 2030 1168 2114 integritatem
1192 2051 1257 2094 nou
1280 2051 1344 2093 uno
1368 2027 1464 2093 modo
1489 2050 1583 2111 posse

345 2136 428 2199 satis
457 2134 670 2219 probabiliter
696 2134 838 2216 restitui,
870 2136 1048 2199 sententiae
1076 2140 1197 2217 autem,
1230 2135 1268 2200 de
1297 2158 1361 2220 qua
1388 2157 1453 2200 uon
1481 2141 1584 2221 agrmt

344 2241 466 2324 critici,
489 2242 529 2305 iis
553 2241 615 2305 riis
639 2263 719 2325 quas
742 2240 847 2306 adhuc
865 2242 1002 2327 ingressi
1021 2247 1106 2324 sunt,
1130 2264 1211 2326 quae
1230 2265 1268 2306 eo
1287 2243 1432 2325 tondunt,
1455 2247 1492 2306 ut
1510 2263 1582 2306 con·
1598 2267 1626 2309 ro

340 2349 415 2413 silii
440 2348 643 2434 significandi
666 2370 777 2413 vocem
797 2352 902 2412 metro
921 2353 1063 2432 aptatam
1082 2354 1214 2434 ponant,
1238 2349 1387 2414 satisfieri
1405 2349 1499 2414 nobis
1518 2371 1584 2414 non

341 2455 485 2520 videtur.
531 2455 662 2520 Etenim
683 2454 887 2542 Argyrippus
911 2461 1041 2539 captum
1065 2457 1236 2522 consilium
1260 2477 1463 2540 quocumque
1486 2456 1583 2521 modo

343 2562 470 2647 viginti
492 2561 596 2626 minas
619 2562 752 2647 parandi
776 2564 823 2626 ita
845 2567 987 2647 enarrat,
1017 2567 1054 2627 ut
1081 2565 1221 2648 primum
1245 2586 1278 2628 se
1302 2565 1421 2628 amicos
1445 2564 1584 2647 experiri

341 2669 432 2733 velle
456 2668 541 2733 dicat
564 2673 693 2733 mutuas
717 2673 754 2733 ut
776 2668 816 2733 ab
838 2669 879 2734 iis
903 2668 1054 2753 accipiat3
1078 2692 1159 2753 quos
1182 2670 1322 2734 secundo
1345 2669 1418 2734 loco
1437 2669 1582 2734 aditurus

342 2777 402 2859 sit,
425 2797 499 2840 cum
522 2798 561 2840 eo
584 2776 705 2841 fatetur
728 2775 815 2859 quod
839 2777 884 2840 ait
902 2778 932 2841 si
950 2783 1076 2842 mutuos
1093 2798 1157 2842 uos
1168 2784 1284 2858 potero,
1307 2797 1432 2841 summ
1446 2778 1582 2857 foetore,

342 2889 420 2948 tum
444 2882 531 2966 quod
553 2884 645 2946 iuxta
667 2883 779 2964 dipsas
804 2883 951 2965 indipsos
977 2881 1132 2967 appellat3
1160 2884 1375 2949 faeneratores
1403 2883 1504 2969 igitur
1531 2882 1584 2947 vel

341 2989 550 3076 argentarios
583 2989 745 3076 designat,
777 2991 834 3073 qui
867 2995 989 3073 quanto
1023 3010 1118 3073 opere
1147 2989 1295 3054 homines
1323 2989 1448 3076 indigui
1478 2988 1581 3053 habiti

343 3097 471 3161 fuerint
498 3118 570 3161 cum
599 3095 727 3161 aliunde
755 3099 825 3159 tum
853 3118 892 3161 ex
920 3096 961 3160 iis
990 3098 1196 3181 cognoscitur
1223 3119 1305 3180 quae
1333 3098 1366 3161 in
1390 3094 1583 3160 Curculione

343 3225 417 3269 non
445 3208 509 3267 uno
538 3202 610 3268 loco
634 3205 667 3267 in
691 3224 746 3267 eos
765 3203 941 3287 opprobrie
959 3203 1130 3287 iaciuntur,
1153 3222 1189 3267 ιν
1204 3204 1233 3287 2,
1250 3203 1292 3267 20
1307 3224 1377 3286 sqq.
1393 3221 1415 3265 v
1430 3203 1460 3284 3,
1477 3204 1493 3266 1
1511 3224 1579 3286 sqq.

340 3309 567 3389 Quamobrem
590 3309 758 3394 probabile
780 3330 846 3374 non
870 3331 938 3375 esse
962 3310 1113 3395 diximus,
1136 3311 1286 3377 Plautum
1306 3311 1417 3391 ἀέριοι
1434 3310 1583 3393 indipnos
1596 3334 1623 3376 ro

338 3420 443 3483 adire
457 3418 636 3501 precibus
658 3417 832 3502 scripsisse.
879 3417 980 3502 Atqui
1004 3416 1067 3482 hoc
1088 3440 1190 3504 genus
1213 3420 1348 3482 alterum
1373 3439 1481 3481 eorum
1501 3438 1583 3501 quos

342 3524 497 3589 aditurus
515 3528 599 3589 esset
616 3529 693 3609 post
710 3526 832 3591 amicos
853 3524 1043 3608 simpliciter
1055 3524 1167 3590 afferre
1182 3529 1317 3609 poterat,
1335 3529 1372 3588 ut
1390 3525 1435 3587 ita
1454 3524 1583 3608 diceret,

341 3632 540 3716 supplicabo
573 3632 698 3714 amicis,
730 3635 768 3694 ut
799 3653 959 3714 quemque
991 3631 1115 3712 videro,
1148 3631 1234 3716 quod
1262 3632 1290 3694 si
1318 3631 1357 3694 sb
1387 3632 1426 3695 iis
1454 3636 1582 3695 mutuas

339 3739 494 3822 accipere
516 3739 620 3802 minas
642 3760 708 3802 non
731 3742 855 3821 potero,
878 3760 897 3802 a
920 3738 1173 3803 faeneratoribus
1197 3758 1321 3802 sumam
1340 3737 1477 3802 faenore.
1523 3736 1582 3801 llle

344 3866 425 3909 vero
460 3846 637 3910 orationem
674 3843 897 3929 amplificavit,
937 3866 1008 3908 cum
1042 3845 1234 3910 sententiam
1272 3844 1452 3908 universam
1486 3844 1583 3908 inter·

346 3956 493 4036 poneret,
516 3952 569 4015 cui
592 3951 771 4035 explicandi
796 3972 891 4016 causa
913 3950 1084 4016 adderetur
1102 3951 1210 4031 altera,
1233 3971 1310 4015 nom
1328 3953 1358 4014 si
1376 3957 1502 4015 mutuos
1519 3972 1583 4016 noa

337 4064 466 4141 potero,
496 4064 640 4123 certumst
665 4078 789 4123 ormam
814 4059 950 4139 foetore.
1001 4056 1051 4122 Ex
1079 4057 1138 4121 hac
1166 4062 1272 4121 autem
1301 4079 1382 4141 quae
1410 4056 1506 4141 plana
1533 4063 1583 4121 est

343 4164 553 4250 perspicuum
584 4186 653 4229 esse
681 4169 802 4249 potest,
829 4186 894 4230 uon
923 4164 1004 4229 illud
1032 4186 1105 4228 eum
1133 4168 1207 4228 ante
1231 4164 1350 4227 dixisse
1374 4163 1460 4247 quod
1483 4162 1581 4250 vulgo

340 4272 497 4355 credunt,
525 4272 588 4337 sibi
616 4277 739 4337 certum
768 4294 836 4336 esse
865 4272 914 4335 vel
943 4294 977 4336 se
1006 4272 1210 4336 constituisse
1234 4270 1350 4356 dignos
1374 4275 1407 4334 et
1430 4270 1581 4356 indignos

341 4378 450 4461 adire,
480 4379 536 4442 sed
563 4379 626 4444 hoc
653 4379 775 4464 potius,
802 4378 885 4443 nihil
914 4381 1067 4443 interesse
1095 4377 1158 4442 sibi
1187 4377 1342 4463 digni‘an
1365 4376 1491 4463 indigni
1514 4377 1623 4444 sintso

343 4484 487 4551 adeundi
510 4491 607 4570 atque
630 4485 826 4570 experiundi,
849 4485 947 4569 idque
965 4484 1093 4550 demum
1114 4483 1281 4548 commode
1300 4484 1404 4568 excipi
1423 4484 1463 4548 ab
1483 4506 1582 4548 enun-

343 4594 430 4659 tiato
454 4593 586 4675 causali,
613 4614 690 4657 scm
712 4594 742 4657 si
764 4598 890 4657 mutuos
911 4614 975 4657 noo
992 4598 1113 4675 potere,
1141 4611 1265 4656 usmom
1286 4594 1422 4672 foenore.
1468 4589 1581 4675 ltaque

340 4722 482 4765 excussa
504 4699 663 4764 sententia
681 4701 727 4764 sic
747 4700 919 4765 statuimus
938 4698 1089 4764 Plautum
1109 4719 1168 4762 nec
1186 4703 1301 4762 certum
1320 4704 1365 4763 cst
1382 4698 1469 4776 mihi,
1493 4698 1580 4781 quod

341 4830 365 4870 a
388 4828 486 4871 versu
513 4804 678 4887 abhorret,
705 4827 763 4870 nec
791 4805 879 4889 quod
907 4806 983 4870 huic
1011 4802 1279 4890 significbtioucm
1308 4804 1445 4869 similem
1465 4803 1581 4889 babet,

341 4915 455 4978 versui
478 4912 607 4998 quidem
629 4912 915 4993 accommodatum,
938 4912 993 4976 sed
1018 4911 1105 4996 quod
1127 4913 1248 4995 pariter
1272 4915 1304 4974 ct
1327 4911 1434 4975 sensui
1458 4915 1490 4974 et
1512 4932 1581 4974 ver-

339 5023 396 5087 sui
426 5020 584 5085 serviebat
610 5039 710 5084 unum
736 5026 781 5084 est
807 5020 886 5083 mibi
914 5020 1093 5104 scripsisse,
1121 5023 1286 5101 totamque
1314 5020 1492 5084 orationem
1522 5039 1581 5101 per

338 5150 423 5194 suas
445 5131 552 5212 partes
575 5126 638 5191 hoc
661 5125 756 5190 modo
779 5126 880 5189 fuisse
903 5125 1106 5211 explicatam.

437 5233 534 5297 Nunc
548 5253 681 5316 perporo
704 5233 750 5297 ad
769 5234 874 5313 foram
897 5239 988 5315 atquc
1010 5234 1155 5315 experiar
1177 5232 1285 5316 opibus
1307 5233 1394 5297 omui
1416 5233 1514 5312 copia

435 5338 624 5422 Supplicobo
646 5339 850 5418 ecobsccrobc,
872 5346 908 5405 ιιι
929 5360 1077 5422 quemue
1099 5341 1236 5403 amicum
1259 5339 1381 5404 videro:
