3925 6675
397 1126 465 1192 416
591 1129 662 1179 mr.
681 1129 796 1178 murex
815 1127 1031 1179 necnonun
1048 1126 1290 1178 nmnnnrnun
1310 1125 1442 1193 1901s02.

397 1290 483 1355 idem
510 1311 604 1374 posse
631 1290 736 1353 valere
765 1289 850 1373 quod
880 1290 980 1371 funus
1000 1289 1119 1370 winone,
1152 1309 1215 1372 que
1243 1285 1431 1370 metaphora
1458 1286 1630 1352 Peniculus

397 1402 510 1482 postea
532 1419 609 1462 usus
632 1400 681 1460 est
705 1396 743 1461 de
767 1395 893 1460 sublato
918 1395 1066 1460 convivio
1090 1415 1162 1460 cum
1186 1394 1232 1458 ite
1255 1393 1375 1470 diceret
1394 1390 1541 1480 (492sq.)
1560 1417 1630 1480 per-

397 1509 472 1588 epte
496 1509 528 1568 et
550 1504 707 1570 concinne

532 1611 647 1676 Fecisti
667 1611 767 1691 funus
789 1610 860 1674 need
881 1609 1004 1674 absente
1021 1609 1161 1691 prandio

532 1716 598 1782 Cur
620 1737 717 1782 uusus
736 1718 848 1798 faeere,
871 1718 944 1798 quoi
966 1737 1019 1799 epo
1043 1736 1137 1798 aeque
1159 1715 1245 1780 teres
1267 1736 1362 1780 erorn

398 1823 492 1901 Quod
510 1845 586 1888 vero
605 1823 779 1908 Ussingius
799 1823 840 1887 ob
861 1845 930 1887 eam
950 1843 1079 1888 causom
1098 1823 1272 1905 septdernm
1295 1821 1335 1886 ab
1358 1822 1421 1886 hoc
1444 1821 1516 1889 loco
1535 1823 1631 1908 plene

397 1931 538 1995 alienum
561 1953 629 1994 esse
658 1929 836 2012 contendit,
863 1929 1036 1995 verendum
1061 1933 1173 1994 estne
1200 1927 1274 2013 plus
1301 1929 1510 1994 affirmaverit
1533 1951 1630 2013 quem

397 2043 559 2123 praestare
581 2039 736 2122 potnerit:
761 2059 834 2101 nam
857 2037 946 2102 illam
969 2039 1035 2102 vim
1059 2059 1140 2121 quae
1165 2036 1319 2120 quadrare
1343 2037 1377 2100 in
1399 2035 1483 2102 hanc
1505 2041 1630 2100 senten-

398 2146 475 2210 tiem
500 2149 627 2229 poteret
650 2145 676 2210 si
699 2145 873 2227 seprulmm
896 2144 1073 2210 tadwinus·
1086 2165 1152 2208 non
1172 2143 1277 2220 habet,
1301 2143 1374 2226 qnia
1393 2143 1455 2207 scit
1473 2165 1515 2207 an
1534 2143 1630 2207 eliam

358 2276 385 2315 ro
398 2251 516 2316 habeat
539 2257 572 2316 et
596 2253 768 2318 meliorem.
814 2251 928 2336 Neque
951 2251 1055 2338 magis
1079 2249 1250 2334 Schoellio,
1274 2249 1329 2334 qui
1353 2250 1387 2314 in
1410 2249 1548 2334 repetita
1566 2249 1632 2315 Me·

398 2357 627 2423 naeohmorum
655 2359 796 2424 editione
823 2357 1045 2423 Ritscheliana
1075 2357 1226 2422 restituto
1254 2377 1405 2421 versuum
1433 2356 1545 2422 ordine
1576 2357 1631 2420 sed

397 2465 490 2530 hiatu
523 2486 624 2549 prope
656 2464 696 2528 ed
727 2463 897 2529 Ritsohelii
929 2464 1112 2548 exemplum
1144 2463 1257 2528 relicto
1285 2485 1413 2530 versum
1445 2463 1507 2528 hoc
1534 2463 1630 2528 modo

398 2571 545 2636 exhibuit

533 2677 626 2743 Cium
648 2684 804 2744 errorerust
827 2729 834 2740 .
850 2728 986 2742 .......

537 2785 569 2852 U
569 2786 602 2850 di
614 2785 787 2867 mulorum
800 2785 969 2850 dotemnus
982 2791 1073 2866 alque
1087 2785 1211 2850 usitare
1224 2785 1305 2850 hune
1318 2785 1534 2850 comburamus
1547 2787 1630 2850 diem

398 2891 611 2958 accedendum
634 2896 695 2977 est,
724 2893 906 2977 opinamur,
937 2892 971 2956 in
999 2913 1036 2956 eo
1067 2891 1154 2975 quod
1178 2892 1211 2956 in
1235 2889 1421 2976 Appendioe
1445 2890 1567 2956 adiecta
1589 2891 1630 2956 ad

397 2999 484 3064 hunc
506 3021 635 3064 versum
659 2999 772 3064 scribit
798 2999 931 3081 seprwi
953 3020 1083 3062 sonsum
1112 2997 1336 3082 explicandum
1361 3019 1430 3062 esse
1452 2997 1493 3062 ad
1517 2997 1632 3064 simili·

399 3106 544 3171 tudinem
565 3127 675 3171 eorum
694 3128 776 3190 quae
794 3107 829 3170 in
842 3105 1003 3171 Pseudulo
1022 3107 1076 3170 hio
1094 3127 1204 3170 servus
1223 3105 1301 3170 dicit
1319 3105 1516 3170 confidenter
1534 3103 1629 3192 (410)

532 3213 635 3277 Erum
658 3233 759 3278 eccum
780 3213 869 3277 video
891 3213 951 3277 huc
974 3211 1131 3278 Simorum
1154 3214 1299 3277 incedere.

356 3343 386 3383 ao
532 3320 586 3385 Eu
607 3320 663 3385 doc
684 3319 821 3402 sepulcro
844 3325 939 3385 nuere
960 3321 1074 3402 oipinti
1097 3320 1202 3385 minos

533 3427 698 3507 Effodiarn
721 3448 773 3509 eoo
795 3428 886 3491 hodie
907 3448 987 3509 quus
1010 3428 1078 3491 dem
1099 3426 1172 3491 erili
1193 3426 1269 3509 filio,

401 3539 434 3598 et
462 3554 542 3617 quae
571 3532 611 3596 ed
638 3532 718 3597 haec
745 3532 920 3597 Lorenzius
947 3532 1154 3618 adscripserit
1178 3538 1355 3599 memorato
1383 3554 1476 3599 versu
1503 3532 1631 3599 Laberii

400 3636 546 3725 (123R.)

535 3745 589 3811 Itu
611 3766 659 3811 rne
680 3752 815 3812 ieiunus
836 3746 982 3830 omum
1005 3767 1161 3813 annuum
1183 3753 1301 3812 ermol:

534 3852 675 3935 Septim
697 3854 813 3919 similis
834 3854 883 3919 nil
904 3856 970 3921 nisi
992 3874 1104 3921 nornen
1126 3856 1249 3919 retineo.

399 3958 583 4045 Utrobique
605 3961 777 4025 vetustatis
799 3959 926 4027 notioni
953 3961 1088 4026 inservit
1111 3962 1167 4027 sed
1190 3984 1253 4026 non
1278 3963 1373 4046 plene
1401 3960 1512 4025 eodem
1535 3960 1632 4027 modo

399 4067 532 4149 sepulcri
546 4068 819 4133 commemoratio:
839 4068 1033 4156 intelligitur
1051 4072 1158 4133 eutem
1173 4072 1415 4134 monumentum
1437 4070 1471 4133 in
1485 4068 1631 4153 sepulcro

400 4178 552 4257 erectum,
575 4175 662 4259 quod
684 4196 803 4239 nomen
825 4174 908 4239 ferre
931 4176 1050 4259 sepulti
1071 4174 1205 4259 nolebat,
1228 4176 1305 4240 alibi
1324 4176 1421 4241 etiam
1443 4175 1629 4241 thesaurum

399 4280 444 4345 ibi
474 4280 695 4345 absconditum
726 4283 876 4365 retinere,
904 4286 940 4345 ut
967 4281 1053 4367 apud
1077 4282 1261 4347 Terentium
1289 4284 1322 4346 in
1346 4280 1504 4347 Eunucho
1532 4282 1633 4347 v.13.

358 4412 387 4453 so
401 4385 510 4469 Atque
527 4385 590 4450 hoc
607 4409 709 4474 genus
728 4390 948 4473 sepulcrorum
963 4410 1036 4454 cum
1049 4388 1151 4454 Varro
1169 4388 1316 4475 designet
1330 4390 1386 4473 qui
1402 4390 1440 4453 de
1457 4391 1478 4453 l.
1490 4388 1523 4454 L.
1540 4388 1633 4453 v149

400 4493 446 4556 sie
469 4494 666 4571 monirnenle,
690 4494 806 4578 inquit,
831 4516 910 4577 quoe
932 4497 969 4561 in
990 4496 1186 4578 sepulcris,
1214 4503 1242 4561 ei
1264 4498 1333 4563 ideo
1355 4496 1523 4563 secundare
1547 4498 1632 4561 oium

400 4619 460 4680 quo
475 4602 705 4679 praeeuntis
727 4601 917 4667 admoneant
938 4608 967 4666 «i
988 4623 1020 4667 se
1040 4604 1139 4684 fuisse
1161 4610 1188 4668 et
1212 4603 1281 4669 illos
1304 4624 1366 4669 esse
1388 4602 1539 4681 menno,
1562 4606 1632 4667 tom

401 4706 465 4769 alia
492 4727 574 4789 qnae
606 4706 645 4771 ad
678 4706 884 4791 explicandos
910 4708 1009 4773 Ennii
1038 4732 1148 4775 versus
1177 4708 1274 4797 (Ann.
1294 4709 1426 4795 411sq.)
1456 4710 1553 4793 Repes
1574 4730 1634 4791 per

400 4833 531 4896 reonum
549 4818 728 4895 unumque
744 4814 943 4899 sepulcroque
959 4822 1120 4899 puerunt,
1139 4818 1318 4901 Aedificant
1335 4838 1446 4882 nomen
1465 4816 1634 4881 attulimus

402 4920 436 4984 in
450 4920 616 5005 prooemio
631 4943 658 4984 a
675 4920 813 5005 lessies
831 4920 905 5008 (Op.
920 4946 965 4987 ac.
978 4922 1012 4987 P.
1023 4940 1034 4987 1
1046 4946 1076 5009 p.
1087 4922 1205 5009 sole).
1221 4922 1406 4990 Ciceronem
1422 4944 1559 5007 quoque,
1577 4922 1633 5006 qni

399 5027 435 5092 in
458 5032 601 5093 extremo
625 5027 708 5094 libro
731 5046 756 5092 11
781 5028 819 5092 de
842 5028 969 5115 legibus
993 5031 1044 5095 ius
1065 5031 1273 5113 sepulcrorum
1298 5030 1458 5115 explanat,
1481 5051 1554 5095 cnm
1571 5030 1667 5099 host

400 5134 625 5217 amplitudines
642 5135 851 5217 sepulcrorum
865 5134 912 5222 (p.
929 5136 1001 5217 156,
1012 5134 1047 5222 3)
1066 5142 1122 5201 ant
1140 5138 1346 5220 sepulcrorum
1368 5138 1633 5220 muonifioentiom

402 5240 447 5326 (p.
460 5241 636 5326 154,1)v01
650 5264 718 5307 earn
731 5244 879 5323 funerum
892 5244 1161 5325 sepulnmnmque
1174 5245 1440 5327 moprificentrom
1450 5242 1495 5327 (p.
1509 5242 1635 5327 loqu),

400 5348 485 5412 unde
509 5348 672 5433 intelligas
698 5350 846 5429 funerum
869 5354 902 5413 ot
923 5349 1134 5433 sepulcrorum
1157 5371 1225 5415 esse
1250 5350 1475 5434 differentiam,
1506 5348 1633 5433 similis,
