3925 6675
566 1111 617 1162 DE
635 1110 864 1163 mantano
883 1110 1027 1162 smenon
1045 1110 1186 1161 FELICIS
1205 1110 1374 1162 OCTAVIO.
1538 1109 1601 1174 117

409 1270 481 1336 verba
499 1293 560 1337 men
582 1272 708 1339 Aeaeae
730 1275 832 1337 armis
854 1293 892 1336 ea
915 1294 978 1357 qua
1007 1271 1193 1356 praestabat
1219 1271 1375 1337 facilitate
1403 1273 1541 1337 mutavit
1568 1274 1603 1337 in

408 1375 468 1443 bueo
484 1380 531 1444 seb
550 1381 673 1444 Aetnae
694 1382 804 1444 amam.

476 1483 526 1550 Sed
546 1486 641 1551 nobis
664 1486 741 1550 illuc
764 1485 962 1550 redeundum
985 1489 1043 1549 est.
1081 1483 1116 1549 si
1140 1486 1224 1550 enim
1247 1489 1334 1550 recte
1357 1485 1497 1550 condidit
1514 1506 1602 1549 recu-

409 1591 562 1676 peravimus,
584 1592 742 1657 babemus
766 1591 895 1676 quidem
920 1612 999 1675 quas
1023 1590 1210 1656 volebamus
1234 1591 1313 1656 duas
1342 1593 1518 1656 sententias
1546 1590 1603 1658 sed

409 1715 449 1758 eus
467 1698 533 1763 inter
554 1722 587 1764 se
609 1722 675 1764 non
702 1699 884 1786 colligatas,
912 1704 940 1762 et
965 1699 1072 1763 arbem
1100 1697 1288 1763 Saturniam
1315 1701 1455 1764 coadidit
1483 1700 1520 1764 de
1546 1718 1602 1766 stro

407 1806 542 1871 mmimet
559 1807 739 1872 Ianiculum
761 1807 880 1871 lame:
903 1806 948 1869 ad
965 1808 1149 1870 memoriam
1171 1812 1297 1888 uterpm
1315 1807 1508 1888 posteritatis
1529 1805 1603 1870 reli-

407 1919 520 1988 ΜΨ
541 1918 573 1978 et
591 1912 753 1979 dubitatio
773 1913 946 1996 suboritur,
969 1914 1177 1996 potuerintne
1196 1935 1251 1977 eae
1270 1913 1317 1977 sic
1335 1914 1497 1978 seiunctae
1517 1917 1602 1977 stare

409 2035 440 2076 su
458 2015 571 2086 semeso
594 2021 716 2085 vinculi
740 2019 892 2103 quiddam
917 2018 1072 2084 detritum
1095 2019 1138 2084 sit
1162 2041 1227 2103 quo
1245 2019 1374 2084 vinculo
1394 2018 1472 2084 haec
1491 2019 1602 2085 iuncta

408 2140 460 2182 esse
477 2133 574 2192 unctor
596 2128 746 2192 voluerit.
784 2124 930 2191 Orationi
954 2124 1018 2190 hoc
1040 2125 1136 2190 modo
1160 2125 1275 2190 melius
1300 2125 1485 2190 consuletur
1504 2126 1601 2211 idque

408 2233 612 2298 commendetur
634 2233 791 2298 facilitate
814 2232 1019 2298 restituendi:
1043 2233 1192 2298 iunctura
1215 2233 1298 2296 enim
1320 2254 1515 2317 quemquam
1534 2255 1600 2298 non
1614 2260 1642 2299 ro

408 2340 553 2405 uomodo
571 2341 714 2425 reparari
732 2344 868 2424 poterat,
891 2338 975 2404 nihil
994 2342 1101 2403 tamen
1120 2339 1320 2423 probabilius
1339 2362 1436 2423 quam
1454 2361 1512 2422 que
1529 2363 1601 2425 pur·

409 2437 516 2529 ticulum
534 2447 580 2511 ibi
604 2446 662 2511 ubi
684 2446 837 2511 facillime
860 2447 977 2530 potuit,
1000 2446 1268 2530 praetermissam,
1291 2445 1469 2511 Minucium
1493 2451 1600 2512 autem

409 2545 536 2629 asima

507 2662 663 2726 derbem
687 2661 875 2726 Saturniam
904 2661 1045 2725 coadidit
1072 2661 1109 2724 de
1134 2681 1190 2724 seeo
1217 2661 1343 2724 nemim
1369 2666 1396 2724 et
1419 2660 1601 2725 Iamimlmm
1661 2676 1662 2680 ’

506 2768 604 2833 Ionas
627 2769 673 2833 od
694 2770 914 2848 memoriamp;
938 2773 1063 2848 uterprre
1081 2768 1274 2848 posteritatis
1295 2765 1533 2854 relicuomst).

409 2859 476 2935 Quod
498 2895 532 2939 ne
555 2877 629 2959 quis
653 2899 673 2940 a
694 2874 880 2939 Minuciana
908 2873 1053 2938 oratione
1081 2874 1190 2956 respui
1217 2873 1404 2957 arbitretur,
1432 2873 1602 2938 videantur

407 2987 466 3048 qum
482 2979 522 3063 ll,
540 2982 560 3044 2
580 2982 711 3066 scripsit
728 3002 834 3063 prona
854 2983 890 3044 im
914 2985 1088 3062 terramque
1108 2982 1267 3062 oerperetia
1289 2984 1322 3043 et
1345 3002 1426 3063 quae
1445 2979 1476 3060 3,
1493 2980 1516 3044 4
1533 2999 1602 3044 sea-

406 3076 449 3139 tim
466 3085 556 3169 depae
578 3089 803 3170 tranquilleque
822 3089 986 3171 praprcssi.

469 3207 505 3258 lv.
538 3193 584 3260 Ut
607 3195 781 3281 redarguat
803 3216 886 3280 quae
910 3192 1069 3259 Caecilius
1092 3215 1116 3258 c.
1137 3193 1167 3276 6,
1187 3195 1208 3257 2
1232 3193 1271 3258 de
1294 3194 1430 3278 imperio
1453 3193 1600 3258 Romano

405 3308 446 3370 ltr
459 3298 632 3389 religionem
652 3307 685 3368 et
703 3302 836 3367 deorum
856 3300 979 3366 cultum
1000 3305 1094 3365 aucto
1110 3304 1142 3366 et
1155 3301 1290 3366 fundato
1305 3301 1488 3385 affirmavit,
1507 3299 1601 3367 Octa-
1614 3326 1642 3367 re

404 3396 455 3462 rius
477 3409 551 3473 ctb
574 3409 654 3474 haec
677 3409 717 3475 da
740 3410 842 3474 initiis
862 3408 1017 3473 Romanis
1041 3408 1206 3492 impietate
1230 3430 1267 3473 ac
1289 3409 1407 3473 scelere
1430 3412 1601 3494 praecipue

403 3501 547 3594 bembus
570 3516 678 3580 refert.

504 3623 666 3687 Nimimm
684 3624 821 3705 imsipmis
839 3629 866 3686 et
884 3622 999 3687 robalis
1016 3624 1140 3687 iustitia
1154 3622 1301 3687 Romarm
1316 3624 1356 3686 ab
1373 3625 1455 3705 ipsis
1475 3625 1600 3704 imperii

503 3732 658 3795 resumtis
679 3730 880 3794 immaculatis
901 3731 1066 3811 auspicata
1089 3735 1139 3793 est.
1171 3733 1203 3795 2.
1223 3730 1336 3793 Norae
1358 3732 1395 3794 ia
1412 3736 1481 3795 orta
1498 3751 1553 3794 suo
1573 3736 1601 3794 et

500 3838 607 3902 scalere
628 3837 743 3902 collecti
765 3843 793 3901 et
817 3838 931 3901 muniti
953 3838 1165 3900 immanitatis
1187 3857 1263 3900 suae
1286 3842 1398 3901 terrore
1416 3837 1598 3902 creverant?

500 3943 587 4008 Nam
610 3944 696 4028 asylo
713 3946 825 4026 prima
842 3944 931 4025 plebs
953 3949 1137 4026 comprepata
1160 3949 1219 4007 est:
1243 3944 1455 4024 confluxerant
1468 3945 1597 4025 perditi,

447 4046 463 4110 5
499 4052 676 4131 {mimam
708 4053 826 4129 incesti,
856 4053 977 4121 domii.
1003 4051 1191 4131 proditores,
1224 4055 1252 4114 et
1282 4056 1318 4114 ot
1350 4052 1414 4132 ipse
1445 4051 1599 4116 Romalis

358 4163 385 4219 12
499 4159 668 4239 imperator
690 4163 719 4223 et
739 4164 836 4223 rector
853 4157 1006 4239 populum
1029 4177 1120 4221 samm
1142 4158 1284 4238 famame
1295 4157 1501 4238 praecelleret,
1518 4179 1600 4239 par-

499 4265 649 4329 ricidium
669 4266 750 4346 fecit.
797 4264 887 4329 Haec
902 4266 1015 4346 prima
1037 4270 1112 4329 sant
1134 4264 1279 4345 auspicia
1301 4265 1466 4346 relipiosae
1491 4267 1598 4329 civita

499 4373 547 4437 tis.
583 4376 613 4436 3.
633 4372 715 4437 Moe
737 4372 860 4436 alienas
881 4373 1019 4453 cirpines
1037 4373 1103 4436 iam
1122 4371 1324 4452 despomctm
1341 4372 1408 4435 iam
1426 4372 1599 4436 destinatas
1612 4395 1639 4435 ao

459 4563 515 4635 ⁸15)
534 4564 626 4637 [Haec
644 4564 816 4634 improbavit
834 4563 982 4618 Nordenus
1001 4564 1134 4633 (Gdttiap.
1149 4564 1198 4634 pel.
1214 4564 1317 4632 ameip.
1335 4569 1403 4619 1904
1418 4582 1445 4617 a.
1461 4574 1478 4617 4
1492 4582 1522 4634 p.
1535 4567 1598 4635 305)

390 4642 553 4708 inllomburti
567 4653 729 4723 opinionem
742 4652 877 4722 relapsus.
902 4652 987 4707 Cuius
1002 4670 1054 4723 ego
1068 4652 1175 4707 iudicio
1189 4652 1289 4707 dubito
1304 4653 1445 4708 accedere.
1470 4653 1508 4707 Ut
1522 4654 1597 4707 enirn

389 4735 455 4793 verba
477 4742 581 4813 scriptu
604 4745 670 4797 sunt
692 4743 722 4796 in
746 4743 843 4797 codice
866 4752 892 4797 et
914 4744 1007 4798 urbem
1030 4742 1193 4797 Saturniam
1217 4743 1292 4796 dedit
1315 4743 1347 4796 dc
1371 4760 1420 4796 suo
1444 4746 1554 4797 momine
1572 4750 1599 4797 et

388 4822 521 4887 ltdieslum
543 4833 635 4887 Ianus
657 4831 696 4886 ad
713 4834 870 4887 memoriam
889 4839 1000 4900 uterpm
1013 4832 1185 4900 posteritatis
1202 4832 1384 4899 reliquerunt,
1407 4834 1535 4899 apertum
1555 4834 1598 4884 est

388 4909 442 4969 dms
457 4936 512 4975 essa
530 4922 696 4986 sententias,
715 4937 788 4990 quse
807 4921 863 4974 dno
881 4919 1008 4974 habeant
1020 4919 1114 4986 verba,
1134 4920 1189 4973 duc
1205 4919 1340 4973 subiecta.
1370 4919 1447 4984 Quae
1462 4919 1597 4986 quoniam

388 5001 506 5065 sium
525 5010 570 5064 vix
588 5009 701 5080 placere
719 5014 847 5079 possunt,
865 5012 899 5064 ut
916 5009 1124 5079 coniungantur
1142 5008 1200 5061 sive
1218 5026 1269 5076 per
1288 5027 1338 5077 pue
1355 5009 1524 5077 particulam
1539 5007 1597 5062 sira

388 5087 431 5147 ⁸¹5⁰
449 5114 498 5165 quo
520 5099 604 5154 modo
627 5117 684 5154 non
709 5115 727 5154 a
748 5115 794 5153 ma
817 5103 941 5154 correcto
965 5099 1090 5154 coredidit
1108 5098 1158 5152 sed
1176 5097 1239 5166 ipsa
1258 5113 1354 5152 earum
1374 5097 1595 5152 conformatione

387 5181 492 5253 muas.
529 5187 620 5255 Quare
644 5188 668 5243 si
687 5188 801 5256 quidem
820 5189 896 5243 dedit
913 5188 990 5256 quod
1008 5186 1095 5242 sciam
1114 5186 1228 5241 defendi
1247 5204 1304 5240 non
1321 5189 1424 5255 potest,
1444 5185 1512 5255 quid
1530 5201 1595 5253 pro-

387 5265 487 5330 btbilius
504 5294 588 5346 qnam
608 5295 641 5333 ex
660 5278 744 5333 verbo
763 5277 877 5332 verbum
897 5293 930 5331 ex
950 5277 1043 5331 minus
1061 5279 1128 5345 apto
1148 5276 1251 5345 aptius,
1270 5293 1304 5329 ex
1323 5277 1398 5331 dedit
1416 5274 1539 5329 condidit
1552 5289 1595 5326 re-

388 5357 475 5435 stuic]
