3925 6675
294 1712 332 1765 ll

768 1103 1169 1155 uuvmroursooscm.
1551 1103 1591 1166 11

351 1262 576 1347 addimusque,
594 1285 635 1327 ne
653 1263 798 1350 legentes
817 1266 844 1329 si
861 1265 917 1348 qui
933 1267 1027 1328 erunt
1039 1264 1137 1329 nimis
1151 1265 1308 1331 inereduli
1322 1265 1401 1331 haec
1414 1265 1593 1349 fastidiant,

351 1390 437 1452 quae
462 1368 496 1432 in
519 1369 619 1433 simili
642 1391 707 1435 non
731 1371 873 1455 compari
893 1392 1008 1458 genere
1027 1392 1181 1455 perquam
1198 1372 1420 1437 memorabilia
1437 1372 1593 1459 leguntur

352 1476 388 1539 in
412 1475 554 1562 Legibus
577 1475 723 1542 Platonis
746 1495 782 1541 xl
800 1501 831 1562 p.
846 1478 960 1560 235‚2

490 1582 551 1648 ἐὰν
573 1580 609 1648 di
633 1585 678 1661 ὡς
701 1585 805 1650 αὑτοῦ
829 1584 1013 1669 ἐφάπτηται
1038 1583 1119 1673 ζῴου
1139 1587 1193 1650 καί
1211 1585 1357 1652 ὁτουοῦν
1374 1588 1395 1670 ἤ
1414 1609 1506 1663 τινος
1525 1584 1592 1652 ἑτέ-

491 1714 554 1773 ρου
581 1701 649 1755 τῶν
676 1691 781 1757 αὑτοῦ
809 1692 999 1776 χρημάτων,
1027 1691 1174 1776 ἀναγέτω
1201 1688 1264 1776 μὲν
1287 1692 1304 1758 ὁ
1328 1689 1415 1777 ἔχων
1437 1694 1487 1770 εἰς
1508 1715 1591 1776 πρα-

490 1806 573 1882 τῆρα
601 1796 621 1880 ἣ
644 1799 705 1863 τὸν
728 1800 830 1863 δόντα
853 1797 1034 1883 ἀξιόχρεών
1058 1821 1092 1864 τε
1115 1797 1169 1864 καὶ
1192 1796 1328 1864 ἔνδικον
1350 1801 1370 1884 ἥ
1394 1823 1461 1864 τινα
1479 1801 1590 1887 τρόπῳ

489 1906 681 1987 παραδόντα
708 1906 797 1993 ἄλλῳ
821 1907 958 1989 κυρίως,
986 1908 1033 1982 εἰς
1060 1906 1122 1989 μὲν
1148 1907 1288 1990 πολίτην
1314 1905 1334 1989 ἢ
1358 1905 1413 1971 καὶ
1436 1905 1592 1990 μέτοικον

490 2023 558 2076 τῶν
584 2010 622 2077 ἐν
646 2021 685 2097 τῇ
708 2014 802 2077 πόλει
826 2011 958 2096 ἡμερῶν
980 2012 1173 2096 τριάκοντα,
1200 2014 1248 2090 εἰς
1271 2009 1308 2078 δὲ
1331 2012 1464 2097 ξενικὴν
1485 2015 1590 2097 παρά-

491 2119 588 2183 δοσιν
610 2117 708 2183 πέντε
731 2130 857 2202 μηνῶν,
879 2113 901 2202 ἦ
907 2143 924 2196 ς
941 2118 1041 2203 μέσος
1059 2117 1077 2183 ὁ
1096 2121 1162 2203 μὴν
1181 2119 1218 2184 ἐν
1238 2110 1264 2206 ᾧ
1282 2119 1433 2204 τρέπεται
1452 2121 1590 2202 θερινὸς

490 2225 584 2307 ἣλιος
607 2227 654 2302 εἰς
677 2227 717 2290 τὰ
740 2227 917 2311 χειμερινά.
1576 2252 1580 2259 ·
1604 2251 1630 2292 ro

349 2330 433 2408 Quis
452 2333 536 2396 enim
556 2331 590 2396 in
608 2331 669 2397 hac
688 2333 834 2397 oratione
852 2329 891 2416 ἧς
909 2338 941 2397 et
959 2355 1025 2399 non
1043 2327 1092 2398 ὧν
1110 2334 1358 2418 exspectaverit3
1376 2333 1463 2417 quod
1482 2339 1590 2398 tamen

350 2440 425 2524 quis
442 2437 499 2522 qui
514 2438 622 2503 sobrio
638 2440 680 2503 sit
693 2437 813 2503 iudicio
828 2439 913 2504 ultro
929 2440 1100 2505 obtrudere
1115 2441 1266 2525 scriptori
1280 2441 1421 2505 animum
1432 2439 1590 2506 inducat?

443 2544 483 2610 In
507 2545 637 2610 Graecis
659 2546 716 2630 qui
738 2545 796 2610 has
821 2547 1094 2612 conformationes
1118 2548 1273 2613 orationis
1293 2547 1512 2613 observaverit
1536 2568 1589 2612 ne-

348 2655 472 2718 minem
496 2653 659 2717 novimus:
683 2654 717 2716 in
738 2652 865 2717 Latinis
887 2653 1045 2719 nonnulla
1067 2654 1223 2720 Nicotaus
1246 2653 1429 2740 Madvigius
1457 2653 1589 2720 adnota-

349 2763 400 2825 vit
429 2760 470 2824 ad
499 2758 664 2824 Ciceronis
692 2759 730 2823 de
758 2759 878 2824 finibus
906 2783 936 2844 p.
951 2761 1018 2825 212
1041 2760 1104 2846 (ed.
1119 2760 1182 2848 IL),
1210 2760 1267 2826 sed
1294 2762 1321 2825 is
1349 2766 1456 2826 tamen
1484 2763 1587 2846 magis

350 2868 503 2932 universe
534 2866 660 2931 relativi
693 2888 765 2930 cum
798 2866 1052 2933 demonstrativo
1085 2891 1152 2934 non
1183 2869 1353 2953 exaequati
1384 2867 1496 2934 modos
1530 2867 1588 2952 qui

350 2974 434 3038 varii
461 2978 538 3038 sunt
560 2973 707 3038 attendit.
754 2972 859 3038 Nobis
881 2975 961 3039 satis
985 2979 1034 3039 est
1057 2997 1158 3058 pauca
1181 2975 1337 3058 attulisse,
1360 2975 1417 3040 sed
1436 2996 1517 3058 quae
1537 2995 1587 3038 ac

346 3086 462 3147 curate
494 3081 680 3165 conspirent
712 3102 784 3145 eum
815 3079 945 3146 Graecis
978 3103 1060 3166 quae
1092 3083 1319 3167 supraposita
1342 3086 1426 3146 sunt.
1471 3079 1586 3166 ltaque

351 3188 520 3254 Ciceronis
543 3187 621 3252 haee
644 3193 721 3251 sunt
744 3186 782 3251 de
807 3188 994 3254 inventione
1016 3205 1043 3252 11
1062 3189 1092 3271 5,
1105 3189 1150 3253 -19

488 3333 529 3342 -
553 3295 748 3380 amplificare
775 3295 892 3360 debebit
917 3301 945 3360 et
970 3296 1139 3375 ostendere,
1167 3301 1286 3378 quauta
1313 3297 1361 3361 uia
1387 3296 1430 3361 sit
1456 3297 1625 3375 ameriam

486 3409 605 3484 quauta
632 3404 736 3467 animi
756 3403 951 3483 perturbatio
979 3424 1017 3469 ac
1044 3405 1214 3468 ὑναααααὲα
1240 3405 1300 3486 fiat
1325 3409 1381 3468 aut
1407 3423 1444 3469 aa
1474 3403 1583 3484 atiquo

486 3530 583 3575 curua
605 3531 714 3574 cauam
735 3530 799 3591 qua
821 3510 992 3591 impactum
1016 3510 1151 3592 aliquem
1174 3511 1211 3575 id
1230 3511 1340 3591 secisse
1361 3511 1443 3574 dicet
1530 3516 1538 3534 ⁰

348 3620 384 3683 in
408 3619 554 3682 oratione
576 3639 636 3701 pro
659 3616 763 3680 Balbo
782 3617 835 3699 21,
853 3616 897 3680 48

484 3761 529 3771 —-
552 3746 628 3788 uum
651 3725 721 3805 quis
743 3745 856 3801 mem,
886 3726 941 3806 qui
964 3725 1190 3805 defoederatis
1212 3724 1388 3788 adauae
1410 3730 1484 3788 essct
1507 3724 1579 3788 civi-

484 3837 547 3895 tate
569 3831 711 3909 douateas,
734 3833 768 3895 iu
791 3831 945 3895 iudicium
969 3837 1014 3895 ast
1034 3830 1181 3896 cccmus?

349 3937 395 4001 Et
426 3936 507 4002 haec
539 3938 594 4020 qui
627 3936 890 4020 consideraverit,
921 3936 956 4001 in
988 3936 1105 4021 quibus
1138 3937 1291 4002 omissum
1322 3958 1444 4016 emunt,
1477 3958 1586 4001 corum

350 4066 530 4129 pronomen
553 4044 732 4130 legitimam
756 4043 887 4108 reddere
910 4044 1089 4109 orationem
1107 4044 1225 4129 potuit,
1246 4066 1312 4108 non
1330 4043 1534 4129 repugnabit,
1558 4045 1586 4107 si

351 4153 422 4235 quis
445 4156 573 4216 censeat
595 4151 692 4215 etiam
716 4150 755 4214 de
779 4154 906 4216 oratore
930 4151 1072 4234 1114,16
1575 4224 1576 4227 Ἴ

488 4296 525 4304 -
551 4260 581 4323 ia
606 4259 664 4321 crit
691 4279 729 4322 ea
755 4259 809 4335 iis,
838 4260 894 4339 qui
922 4264 979 4321 aut
1005 4258 1076 4323 illos
1104 4280 1168 4324 uou
1197 4260 1335 4324 audierit
1363 4264 1420 4322 aut
1441 4258 1586 4323 iuducere

484 4387 548 4429 nort
564 4367 673 4446 possit,
1599 4389 1626 4430 ve

351 4471 429 4536 haec
456 4494 538 4557 quae
566 4472 687 4556 scripta
715 4477 791 4536 sunt
818 4472 852 4535 in
879 4471 971 4537 libris
1000 4476 1036 4535 ut
1063 4472 1190 4536 videtur
1213 4471 1385 4556 plerisque,
1411 4493 1477 4536 non
1503 4493 1586 4555 quae

351 4579 525 4667 vulgantur
547 4583 579 4642 et
600 4578 696 4643 facile
718 4601 757 4642 ex
781 4578 846 4642 illis
870 4579 988 4663 corrigi
1015 4583 1179 4663 poterant,
1206 4579 1367 4643 audierint
1396 4582 1429 4641 et
1450 4580 1585 4662 puae,

349 4708 370 4749 a
392 4684 547 4752 Cicerone
569 4686 713 4771 profecta
736 4707 813 4750 esse.

440 4791 566 4857 Similia
577 4774 872 4879 ‘Francogallorum
901 4794 1040 4857 sermoni
1069 4796 1135 4857 tam
1164 4794 1333 4857 vetustiori
1357 4814 1454 4875 quam
1478 4813 1585 4856 recen-

351 4901 425 4966 tiori
444 4921 596 4965 concessa
613 4899 714 4964 fuisse
727 4898 872 4984 Adolphi
885 4898 1016 4964 'I'obleri
1035 4899 1200 4983 symbolae
1219 4900 1260 4963 ad
1278 4900 1431 4983 syntaxin
1444 4898 1584 4962 Franco·

351 5007 500 5095 gallicam
524 5005 659 5072 collatae
682 5006 805 5072 docent.
852 5005 904 5069 Ex
928 5008 1019 5071 cuius
1038 5008 1139 5091 copiis
1159 5006 1222 5070 duo
1242 5007 1389 5089 exempla
1407 5026 1483 5089 prae
1503 5009 1585 5070 cete·
1682 5087 1685 5093 Ι

352 5114 394 5179 ris
417 5114 586 5199 simplicia,
609 5118 646 5178 ut
669 5135 770 5200 genus
794 5113 923 5197 quidem
947 5113 1156 5199 significetur,
1179 5112 1351 5176 afferimus.

486 5223 556 5286 dest
577 5241 613 5303 ey
634 5202 696 5285 uue
718 5220 771 5285 des
791 5241 891 5303 maus
912 5220 1056 5297 douleurs
1078 5222 1133 5301 prr-i
1154 5221 1215 5285 soit
1236 5239 1292 5284 sur
1314 5225 1400 5283 terre.

485 5330 555 5393 e'cat
575 5348 636 5392 une
658 5328 712 5392 dee
731 5328 869 5409 arandae
891 5349 1013 5393 erucurs
1034 5329 1089 5408 qui
1112 5328 1171 5391 soit
1188 5326 1299 5407 partui
1322 5325 1365 5389 tes
1386 5324 1531 5388 tetanus.
