3925 6675
766 1118 816 1167 DE
836 1119 952 1169 OVlDlI
969 1119 1102 1170 FASTIs.

332 1295 373 1342 ιιι
388 1277 455 1341 567
501 1278 633 1342 Furios
657 1285 701 1343 est
723 1279 834 1344 Melite
854 1280 955 1344 sterili
976 1283 1082 1344 uicina
1107 1280 1241 1363 Cosyrae

547 1385 673 1463 Insula,
696 1407 790 1467 ariam
815 1386 925 1469 Iu'byci
946 1389 1084 1451 uerberat
1107 1389 1194 1453 unda
1214 1390 1298 1469 freti.

504 1490 596 1555 Hanc
612 1495 700 1573 petit.

330 1599 454 1664 111581
503 1599 564 1664 Est
579 1621 679 1681 prope
695 1601 835 1681 piscosos
856 1600 993 1681 lapidosi
1017 1601 1179 1666 Crathidis
1201 1622 1309 1667 arunas

551 1705 677 1770 Parmis
699 1727 790 1788 aper:
815 1706 966 1772 Cameren
989 1709 1091 1773 incola
1115 1710 1205 1773 turba
1228 1715 1322 1773 occat.

504 1811 585 1877 Illuc
608 1833 717 1878 ausus
739 1820 813 1878 erat.

327 1939 372 1986 ιιι
389 1919 458 1983 667
511 1919 587 1984 Orta
609 1921 798 1985 suburbanis
820 1923 974 2002 quaedam
995 1924 1060 2002 tuit
1082 1923 1181 1987 Anno
1199 1922 1345 1999 Bouillis,

552 2028 695 2109 Pauper,
718 2028 774 2093 sed
795 2028 912 2093 multae
933 2029 1109 2095 sedulitatis
1132 2051 1221 2094 anus.

506 2132 565 2197 Ille
588 2135 649 2198 leui
671 2136 768 2199 mitra
791 2155 884 2200 canos
906 2136 1055 2202 redimita
1078 2137 1207 2218 capillos

548 2241 704 2322 Finpebat
725 2242 858 2306 meniula
881 2245 999 2307 rustica
1022 2243 1087 2308 liba
1111 2265 1217 2307 manu.
1571 2271 1602 2313 io

322 2347 459 2413 111799
506 2348 615 2413 Matre
636 2355 724 2413 salus
747 2349 860 2426 Terra,
884 2356 1056 2414 memmium
1081 2350 1236 2429 mirabile,
1260 2357 1381 2427 taurus,

551 2455 650 2519 Parte
671 2457 724 2519 sui
745 2476 871 2537 serperis
887 2459 1069 2537 posteriorc,
1091 2460 1162 2538 fuit.

506 2560 602 2625 Hunc
623 2562 742 2643 triplici
766 2583 854 2627 muro
877 2563 956 2628 lucis
978 2564 1146 2628 iud-riserat
1169 2567 1249 2629 atris
1272 2602 1315 2609 --

326 2689 372 2734 lv
391 2668 462 2733 305
510 2668 648 2732 Claudia
675 2669 793 2749 Quinta
813 2690 910 2751 penus
934 2669 1049 2735 Clauso
1071 2672 1222 2752 referebat
1242 2672 1282 2735 ab
1305 2671 1367 2735 alto

551 2775 617 2839 Nec
636 2775 736 2856 facies
759 2778 865 2856 impar
883 2777 1043 2841 nobilitate
1063 2780 1135 2857 fuit.
1159 2815 1203 2822 —
1226 2815 1270 2823 -

393 2881 463 2946 313
510 2880 599 2946 Haec
621 2883 676 2945 ubi
698 2888 855 2948 castarum
873 2885 1022 2964 processit
1046 2886 1085 2947 ab
1108 2887 1233 2966 apmiue
1256 2891 1391 2949 mianum
1415 2919 1460 2929 —

328 2988 463 3056 1v337
510 2989 570 3052 Est
592 2989 675 3054 louis
698 2992 733 3053 in
757 2991 895 3054 Tiberim
918 3012 982 3072 pua
1005 2991 1141 3055 lubricus
1165 2991 1270 3072 influit
1292 2991 1387 3054 Almo

551 3096 597 3160 Et
618 3117 730 3160 nomen
754 3117 866 3178 ntapno
884 3098 992 3178 perdit
1017 3099 1050 3161 in
1073 3119 1166 3162 amne
1188 3099 1299 3163 minor.

509 3201 581 3267 Illic
597 3225 759 3284 purpurea
784 3224 882 3268 canus
904 3225 971 3267 eum
996 3211 1074 3269 vulo
1096 3205 1238 3269 sacerdos
1260 3242 1305 3250 —
1327 3242 1371 3249 -

330 3331 374 3377 iv
391 3309 461 3374 427
517 3310 602 3375 Valle
623 3311 680 3376 sub
701 3311 847 3377 umbrosa
871 3311 954 3376 loccis
976 3317 1020 3377 cst
1042 3313 1205 3395 asperpiue
1227 3311 1326 3376 oculta
1573 3340 1600 3379 m

559 3418 679 3484 Uoidus
700 3439 737 3483 ea
760 3418 823 3482 alto
847 3418 1019 3483 desilientis
1040 3440 1148 3502 opicae.

510 3526 567 3589 Tol
587 3524 753 3609 fuerant*')
778 3524 844 3589 illic
867 3532 939 3607 quot
960 3526 1048 3589 babet
1072 3532 1188 3590 uatis-ra
1212 3526 1323 3590 colores
1348 3564 1388 3571 -

305 3636 362 3701 Cf.
385 3633 469 3697 ibid.
488 3631 554 3695 419
564 3654 605 3696 ss.

331 3761 375 3807 ιν
391 3740 461 3803 491
510 3739 588 3802 Alta
611 3741 690 3804 iacet
711 3741 793 3804 casti
815 3760 908 3820 eripior
930 3762 987 3803 ora
1011 3741 1167 3822 Tpplioias
1190 3742 1300 3816 Aetne,

555 3846 654 3910 Cuius
676 3846 832 3911 anhelatis
854 3847 980 3928 ipnibus
1003 3849 1091 3911 ardet
1113 3848 1233 3912 lunius.

508 3951 580 4016 Illic
603 3954 742 4017 accendit
763 3955 906 4034 pominus
923 3976 985 4035 pro
1008 3954 1154 4036 lampado
1170 3956 1278 4034 pinus.

332 4061 464 4128 1v495
512 4060 572 4124 Est
593 4080 700 4142 specius
722 4062 805 4125 caesi
826 4067 982 4126 structura
1000 4063 1140 4142 pumicis
1162 4082 1265 4141 aspm,

554 4166 629 4230 Non
651 4167 773 4231 bomini
795 4168 892 4248 repio,
916 4189 979 4231 non
1002 4169 1149 4231 redeunda
1170 4170 1272 4248 ferae:

510 4273 580 4349 Quo
603 4274 699 4338 simul
722 4295 760 4337 ac
780 4277 865 4339 verrit
886 4312 931 4319 -

335 4402 377 4447 ιν
394 4380 465 4443 649
513 4380 604 4444 Siloa
626 4386 711 4445 adue
732 4380 880 4461 nullaque
903 4382 959 4445 diu
981 4382 1099 4445 uiolata
1121 4384 1221 4445 securi

554 4486 677 4565 Stabat,
702 4488 868 4553 Maenalio
891 4508 984 4552 sacra
1006 4489 1114 4552 relicta
1138 4490 1192 4551 deo
1215 4526 1258 4533 —
1282 4526 1326 4533 —

657 4594 712 4659 hic
732 4596 877 4676 peminas
898 4615 955 4659 reu
978 4596 1088 4659 Numa
1112 4601 1227 4659 inactat
1250 4616 1325 4659 oves.

375 4685 539 4695 ..p—.—

411 4735 479 4802 ‘22)
498 4733 668 4787 Dubitsmus
692 4751 778 4801 quem
800 4737 877 4788 recle
895 4733 996 4787 Petrus
1014 4735 1144 4788 suberant
1162 4734 1284 4787 ediderit
1302 4751 1353 4802 pro
1373 4750 1405 4787 eo
1425 4734 1499 4802 quod
1519 4737 1563 4787 est

315 4828 346 4879 in
373 4822 461 4877 libris
484 4824 605 4888 fuerant.
642 4822 718 4877 Illud
741 4823 810 4891 quid
834 4823 976 4893 significet
1000 4839 1033 4875 ex
1058 4828 1277 4888 111296,11703
1301 4840 1365 4875 cum
1387 4822 1463 4877 Puri
1488 4822 1562 4886 edn.¹

316 4934 346 4967 iv
363 4919 420 4966 570
441 4910 630 4982 cognoscitur,
648 4912 698 4965 sed
718 4912 747 4965 in
766 4913 841 4965 hunc
860 4912 954 4966 locum
970 4912 1109 4979 quadrare
1123 4928 1179 4965 nou
1194 4910 1313 4977 videtur,
1333 4911 1484 4978 siquidem
1500 4925 1562 4961 sen-

317 5002 416 5056 tentis
435 5000 507 5053 haec
525 5004 569 5054 est
589 5000 653 5054 ‘sub
671 5000 805 5055 umbrosa
818 5000 893 5054 velle
906 5000 986 5054 locus
999 5001 1101 5054 uvidus
1116 5004 1170 5053 esi:
1190 5002 1219 5053 in
1235 5017 1267 5055 eo
1282 5000 1343 5054 loco
1358 5016 1412 5052 non
1428 4998 1563 5052 suberunt

318 5091 371 5146 sed
391 5093 478 5144 erant
496 5092 541 5143 iot
558 5090 639 5144 flores
659 5093 729 5158 quot
747 5092 849 5143 natura
868 5088 974 5142 hebet!
1008 5089 1061 5142 Pro
1080 5096 1159 5142 crant
1177 5093 1272 5143 eutem
1291 5105 1375 5157 saepe
1394 5087 1469 5155 apud
1487 5086 1562 5137 hunc

319 5184 440 5250 postem
465 5183 495 5233 ei
513 5180 589 5248 apud
609 5179 680 5233 elios
697 5180 812 5245 suerunt
830 5179 898 5247 poni
917 5178 1007 5232 solere
1027 5182 1149 5232 constet:
1174 5178 1302 5245 exemplu
1321 5176 1459 5244 quaedum
1481 5171 1563 5225 afferi

320 5268 480 5331 Herkelius
503 5268 533 5322 in
557 5269 645 5338 prees.
665 5267 767 5328 terties
786 5268 854 5321 edit.
874 5268 911 5320 sd
930 5267 956 5320 h.
973 5267 1004 5331 l.;
1029 5268 1087 5321 eliu
1110 5267 1252 5335 Hauptius
1277 5267 1312 5319 ed
1334 5265 1447 5317 Melum.
1463 5281 1494 5313 ιιι
1510 5264 1562 5311 630

322 5357 481 5428 adscripsit
498 5375 702 5427 possumusque
721 5356 812 5411 multe
830 5356 943 5411 eddere.
