3925 6675
543 1131 641 1182 Accn
658 1133 708 1182 DE
727 1131 927 1183 cononons
945 1132 1138 1183 PLAUTINIS
1156 1133 1333 1184 MEMORIA.
1496 1130 1560 1194 411

327 1294 475 1359 Moesius
497 1296 582 1357 esset
605 1293 767 1358 Mardum
791 1293 898 1357 Titum
921 1293 1108 1378 appelleret.
1145 1291 1230 1358 Illud
1254 1297 1364 1358 eontra
1388 1294 1563 1380 ambigitur

326 1401 434 1484 hodie,
457 1399 592 1464 Plautus
614 1399 752 1465 fueritne
776 1421 887 1464 revera
906 1401 998 1464 Titus
1016 1400 1162 1465 Maecius
1184 1404 1217 1464 et
1241 1402 1287 1464 ite
1309 1400 1490 1486 appellatus
1510 1402 1562 1484 sit,

327 1513 360 1573 et
382 1507 449 1572 Leo
478 1508 608 1591 quidem
634 1528 701 1572 non
729 1529 748 1570 n
771 1507 898 1571 Maesio
921 1508 993 1572 Tito
1016 1508 1125 1572 Maooi
1148 1509 1215 1572 Titi
1242 1507 1298 1571 sed
1323 1529 1342 1571 e
1364 1527 1467 1572 mooco
1491 1509 1562 1572 Tito

326 1613 463 1679 derivari
487 1614 591 1679 voluit
610 1612 834 1699 Plautumque,
857 1636 953 1700 quem
976 1615 1010 1679 in
1034 1613 1170 1701 prologo
1189 1613 1358 1679 Asinariee
1376 1612 1450 1701 (10)
1471 1615 1563 1680 Mae-

325 1741 395 1786 oum
415 1721 478 1786 diei
497 1721 712 1786 Buechelerus
730 1721 899 1804 intellexit,
918 1721 1068 1787 Mooosm
1088 1723 1195 1786 Totum
1214 1723 1279 1785 tem
1297 1723 1332 1785 in
1347 1721 1438 1786 Aooii
1455 1722 1561 1786 verbis

328 1850 425 1913 quem
449 1830 482 1893 in
506 1829 642 1913 prologo
665 1827 855 1893 Merostoris
878 1828 1087 1894 denominari.
1124 1826 1216 1904 Quod
1240 1830 1375 1893 sirecte
1399 1829 1563 1911 statuitur,

327 1940 360 1999 et
382 1934 522 2000 fatemur
539 1935 633 2000 nobis
652 1934 745 1999 valde
764 1935 894 2019 probari
914 1956 996 2019 quse
1015 1935 1080 2000 Leo
1099 1935 1138 1998 de
1156 1935 1259 1999 initiis
1278 1956 1315 2000 eo
1334 1935 1560 2021 progrediente

327 2042 453 2107 ratione
480 2043 648 2107 nominum
671 2041 896 2108 Plautinorum
924 2043 1090 2127 exposuit,
1117 2063 1157 2106 ne
1186 2045 1234 2106 est
1257 2042 1386 2126 quidem
1411 2042 1499 2126 quod
1522 2042 1560 2107 de

327 2149 533 2233 transpositis
559 2147 745 2214 nominibus
772 2149 982 2235 disoeptetur,
1010 2171 1091 2234 qnae
1118 2149 1260 2214 nondum
1287 2149 1320 2214 in
1343 2150 1441 2214 istum
1465 2150 1559 2215 trale-

327 2257 441 2320 tioium
460 2260 494 2320 et
508 2256 636 2321 oivilem
650 2256 796 2322 ordinem
810 2257 968 2340 obierunt,
986 2257 1042 2322 sed
1056 2255 1189 2321 Aonium
1204 2255 1417 2343 intelligimus
1432 2261 1559 2340 poetam
1575 2281 1601 2322 ro

274 2363 314 2421 14
327 2385 394 2428 non
416 2366 561 2448 potuisse
583 2363 648 2428 nisi
666 2368 722 2428 sut
740 2362 892 2428 Plautum
910 2367 967 2427 ant
985 2384 1129 2428 maecum
1149 2362 1257 2428 Titum
1277 2363 1438 2448 appellere
1457 2385 1560 2448 neque

328 2470 363 2535 in
381 2493 418 2535 es
436 2492 471 2535 re
488 2470 679 2555 pependisse
697 2493 717 2535 e
734 2472 871 2557 prologo
890 2469 1089 2553 Meroutoris,
1112 2471 1168 2554 qui
1188 2470 1320 2535 eandem
1339 2471 1479 2536 nominis
1498 2472 1561 2536 for·

327 2578 502 2643 motionem
525 2576 674 2642 habebnt.

418 2681 482 2748 Sed
507 2682 588 2749 haee
615 2688 689 2748 utut
716 2684 911 2765 iudicentur,
939 2706 1042 2769 neque
1069 2706 1129 2749 nos
1156 2684 1242 2771 fugit
1269 2685 1348 2769 quid
1370 2687 1484 2752 incerti
1508 2685 1562 2749 he-

328 2790 442 2856 beotnr
463 2791 499 2855 iu
521 2793 561 2856 iis
585 2813 667 2875 ques
690 2791 730 2856 de
753 2791 855 2856 alters
874 2795 967 2877 porte
986 2792 1065 2856 dieti
1083 2790 1217 2857 Aooieni
1235 2791 1478 2876 disputavimus,
1502 2814 1561 2856 nos

328 2897 411 2963 nihil
433 2898 560 2984 egimus
582 2899 646 2964 nisi
668 2921 709 2964 ne
732 2900 828 2964 nimis
847 2919 957 2963 secure
974 2901 1169 2964 essentiatur
1187 2899 1227 2963 iis
1247 2920 1328 2982 quae
1347 2898 1412 2964 Leo
1432 2898 1470 2962 de
1490 2921 1560 2982 pro-

327 3006 476 3092 logorum
500 3005 724 3070 Pleutinorum
752 3006 876 3070 ratione
904 3005 1015 3069 habite
1038 3005 1079 3069 eb
1103 3005 1201 3071 Aooio
1225 3006 1373 3089 quemvis
1395 3006 1561 3091 ingeniose

327 3111 507 3197 proposuit,
529 3135 568 3177 ex
592 3111 712 3196 quibus
734 3133 881 3178 veremur
902 3133 944 3176 ne
967 3111 1162 3198 colligentur
1184 3133 1265 3196 qnae
1284 3115 1372 3177 reeto
1390 3113 1456 3176 talo
1476 3118 1561 3177 stare

327 3241 393 3284 non
416 3221 552 3303 possint
589 3217 657 3284 Sor.
676 3241 717 3284 m.
736 3218 907 3284 Decembri
926 3241 954 3283 e.
973 3235 1123 3284 unoooo.
