3925 6675
421 2060 516 2140 XLVI.
541 2067 696 2141 INDEX
723 2066 1005 2141 LEOTIONUM
1034 2065 1546 2160 HIBERNARUM1897J98.

376 2219 388 2273 ⁸
459 2237 498 2306 Dc
513 2243 619 2308 tribus
636 2244 717 2308 locis
731 2242 882 2308 Herculis
896 2242 1090 2327 Euripideae
1109 2243 1304 2326 disputaturi
1324 2266 1443 2325 sumus,
1461 2244 1502 2309 ad
1516 2267 1589 2309 eam

397 2359 438 2406 Μ
452 2347 581 2415 fabulam
603 2349 786 2432 referentes,
809 2349 848 2414 de
871 2371 934 2434 qua
953 2351 989 2414 in
1007 2350 1173 2434 prooemio
1192 2351 1268 2414 anni
1286 2367 1492 2415 nncccxcm
1508 2373 1587 2416 non·

397 2448 459 2515 nulla
478 2456 694 2540 disseruimus,
721 2476 794 2521 cum
822 2456 1053 2541 adolescentes,
1080 2457 1136 2540 qui
1163 2456 1203 2520 ad
1225 2456 1284 2521 has
1306 2459 1432 2523 litteras
1456 2480 1489 2521 se
1512 2457 1590 2522 dare

343 2596 344 2607 ι
397 2568 517 2647 apert,
539 2563 753 2647 hortaremur,
775 2563 866 2627 utin
888 2563 985 2628 huius
1008 2563 1192 2648 tragoediae
1210 2564 1353 2628 studium
1372 2586 1406 2628 se
1425 2565 1588 2629 insinuare

396 2661 491 2752 vellent,
515 2675 585 2734 tum
609 2670 750 2753 primum
774 2693 793 2734 a
815 2671 940 2756 collega
961 2670 1026 2735 iam
1048 2673 1174 2752 nostro,
1200 2668 1352 2736 Udalrico
1376 2672 1415 2735 de
1434 2670 1587 2737 Wilamo·

395 2767 681 2860 'ib-Mocllendorff,
704 2776 808 2841 editae
831 2782 864 2841 et
886 2778 974 2841 omni
998 2798 1113 2862 genere
1137 2777 1325 2842 eruditionis
1349 2783 1487 2843 ornatae.
1525 2777 1588 2854 Qui

343 2880 344 2889 ’
394 2889 421 2935 ⁰¹
440 2900 490 2963 quo
509 2883 643 2949 eandam
665 2883 864 2970 tragoediam
889 2883 1012 2949 iteratis
1037 2885 1122 2948 curis
1145 2906 1165 2948 a
1187 2905 1221 2948 sc
1243 2884 1443 2969 recognitam
1465 2884 1588 2969 publici

343 3036 347 3043 .
394 2975 449 3049 issn's
462 2990 540 3074 facit,
558 2991 597 3055 de
611 2989 768 3075 Euripide
782 2994 815 3055 et
828 2991 923 3056 bonis
937 2991 1055 3055 litteris
1070 2990 1190 3074 duplici
1205 3013 1354 3056 mensure
1367 2991 1447 3055 benc
1462 2991 1587 3057 meruit.

393 3078 479 3160 llostra
498 3120 597 3181 parva
619 3102 696 3162 sunt
717 3119 778 3163 nec
801 3118 882 3180 quae
905 3097 1001 3162 istam
1024 3098 1176 3162 virtutem
1201 3098 1353 3162 aemulari
1377 3098 1508 3181 cupiant
1531 3101 1588 3162 aut
1601 3125 1630 3166 io

393 3194 496 3286 blant,
521 3204 578 3269 sed
606 3225 643 3268 ea
669 3208 777 3269 tamen
799 3203 919 3269 habent
941 3226 1007 3269 non
1030 3204 1164 3289 indigna
1186 3204 1322 3269 fortasse
1347 3227 1429 3288 quae
1452 3227 1471 3268 a
1492 3205 1587 3268 nobis

392 3302 473 3378 prinis
495 3311 590 3376 fineis
613 3310 764 3377 inchoata
786 3312 959 3376 intentiore
982 3310 1206 3377 observatione
1229 3311 1483 3376 exaedificentur.
1525 3310 1588 3377 Ne

393 3422 436 3487 que
454 3418 528 3483 euim
556 3440 597 3482 ne
624 3441 710 3482 nunc
737 3418 867 3503 quidem
895 3439 954 3484 uos
981 3418 1084 3483 doctis
1110 3418 1279 3483 scribimus
1303 3418 1358 3483 sed
1381 3419 1588 3503 discentibus,

392 3510 483 3601 siquid
497 3526 581 3590 forte
599 3524 639 3589 iis
657 3526 809 3591 utilitatis
827 3530 885 3591 aut
902 3525 1102 3590 incitamenti
1121 3526 1338 3609 disputatione
1352 3531 1462 3591 nostra
1475 3527 1588 3592 afferre

392 3628 522 3697 sumus.
566 3631 764 3697 Exordimur
794 3635 902 3697 autem
935 3654 954 3695 a
983 3632 1134 3717 Megarae
1164 3634 1325 3716 oratione,
1357 3655 1421 3717 qua
1449 3633 1587 3698 liberum

391 3741 487 3802 morum
508 3739 549 3803 ad
570 3760 682 3804 necem
706 3740 835 3803 iamiam
858 3738 1057 3804 subeundam
1081 3738 1270 3804 funebribus
1294 3744 1496 3824 comptorum
1520 3741 1588 3806 fata

391 3839 472 3908 werbe
497 3844 704 3929 conqueritur
731 3867 768 3911 ac
795 3846 949 3929 deplorat.
988 3844 1075 3921 Quae
1104 3846 1232 3929 quidem
1262 3847 1355 3930 ῥῆσις
1379 3847 1512 3930 pulchre
1535 3848 1587 3910 de-

391 3936 465 4015 risa
484 3951 751 4017 commiserandsc
774 3953 888 4016 matris
911 3973 1016 4017 mores
1039 3950 1146 4035 habet,
1169 3954 1247 4017 adeo
1267 3958 1304 4017 ut
1322 3953 1430 4017 nativa
1449 3954 1586 4036 quadam

391 4050 489 4155 {tritula
518 4081 670 4124 sensuum
701 4058 837 4124 mirifice
866 4060 1027 4144 legentem
1055 4060 1161 4143 capiat
1189 4080 1225 4123 ae
1252 4064 1366 4124 teneat.
1409 4059 1458 4123 Ea
1486 4059 1587 4145 igitur

391 4153 441 4221 mle
457 4186 473 4227 a
492 4188 520 4232 r.
538 4165 607 4231 460
628 4165 709 4231 haec
731 4165 901 4250 expromit.

512 4268 644 4355 ἧκολύ
667 4296 705 4355 γε
728 4270 825 4355 δόξης
849 4271 1004 4349 ἐξέπεσον
1026 4272 1215 4354 εὐέλπιδος,

511 4380 555 4463 ἣν
577 4381 702 4460 πατρὸς
722 4378 818 4460 ὑμῶν
840 4379 876 4444 ἐκ
900 4382 1009 4462 λόγων
1031 4378 1102 4445 ποτ’
1131 4382 1261 4463 ἤλπισα.

512 4484 568 4552 σοὶ
591 4486 653 4569 μὲν
675 4486 739 4569 γὰρ
754 4484 875 4569 Ἀργος
897 4482 984 4570 ἔνεμ’
1013 4485 1031 4551 ὁ
1054 4485 1234 4551 κατθανὼν
1256 4490 1379 4572 πατήρ,

512 4591 719 4676 Εὐρυσθέως
742 4590 771 4655 d’
799 4590 931 4674 ἔμελλες
954 4594 1102 4675 οἰκήσειν
1125 4593 1262 4675 δόμους,

388 4690 494 4780 dquae
520 4720 618 4784 porro
646 4698 758 4765 eodem
786 4703 898 4765 tencre
925 4700 1119 4783 exsequitur.
1156 4699 1241 4763 Nam
1269 4699 1363 4765 nobis
1390 4705 1516 4765 tantum
1547 4702 1585 4766 de

386 4804 497 4872 'usibus
519 4806 626 4891 primo
650 4810 683 4871 et
701 4806 840 4870 secundo
860 4806 1030 4871 dicandum
1050 4812 1106 4870 est.
1144 4805 1207 4882 Qui
1225 4828 1336 4871 versus
1355 4808 1469 4872 sicuti
1488 4831 1586 4892 supra

380 4909 572 4997 suprimat,
595 4915 804 4996 posteaquam
829 4913 913 4978 hanc
935 4935 1004 4978 esse
1027 4935 1135 4978 veram
1155 4918 1186 4977 et
1204 4914 1503 4997 pristinameorum
1522 4915 1585 4978 for·

377 5034 440 5083 mn
465 5044 484 5086 a
510 5041 544 5085 se
571 5019 611 5083 dc
638 5020 821 5084 coniectura
847 5024 1067 5104 recuperatam
1093 5020 1217 5103 primus
1239 5019 1399 5084 Henricus
1422 5020 1583 5084 Hirzelius

372 5119 406 5208 (in
421 5124 527 5192 libello
546 5125 586 5189 de
599 5123 765 5208 Euripidis
783 5126 818 5189 in
837 5125 1067 5209 componendis
1087 5125 1238 5191 diverbiis
1257 5130 1325 5191 arte
1344 5150 1370 5190 a.
1390 5142 1584 5190 nncccuxn

343 5230 441 5298 sedito
466 5254 497 5318 p.
521 5229 580 5318 25)
607 5230 796 5317 affirmarit,
827 5231 868 5296 ab
896 5232 1047 5296 omnibus
1075 5232 1224 5317 deinceps
1252 5232 1442 5315 editoribus,
1471 5231 1583 5295 Kirch-
1597 5257 1627 5296 ao

361 5337 451 5407 baffio
478 5340 514 5405 in
540 5338 658 5421 altera,
681 5336 851 5404 Wecklino
879 5340 917 5406 iu
936 5337 1093 5425 Pflugkii,
1116 5339 1365 5404 Wilamowitzio
1390 5340 1424 5402 in
1446 5342 1582 5421 utraque
