3925 6675
486 1125 536 1175 DE
552 1124 690 1176 FORMIS
709 1125 922 1188 QUIBUSDAM
942 1125 1168 1176 SENTENTIAE
1187 1124 1476 1176 COMPARATIVAE.
1534 1122 1598 1185 201

497 1286 645 1351 mmdder
665 1287 768 1368 secere
789 1306 839 1352 eos
861 1287 916 1369 qui
936 1289 1019 1351 inter
1037 1306 1069 1351 se
1086 1286 1307 1363 munuae,
1330 1291 1397 1350 uter
1409 1286 1518 1368 potius
1534 1307 1601 1350 rem

537 1393 699 1474 parilemm
730 1393 982 1471 administraret,
1014 1399 1053 1457 ut
1084 1394 1119 1458 si
1151 1399 1291 1457 nautae
1318 1398 1504 1458 certarent
1530 1394 1602 1475 quie

543 1520 648 1564 eonem
664 1500 867 1582 potissimum
888 1500 1081 1583 mebunearet.

359 1604 487 1672 Catone
512 1606 585 1670 mai
608 1607 662 1688 19,
683 1605 722 1670 71

497 1713 705 1779 aduleeoentee
722 1713 802 1777 mibi
819 1715 901 1778 mori
918 1715 965 1779 sie
982 1714 1134 1792 ridentur,
1154 1720 1187 1778 ut
1205 1735 1274 1778 eum
1289 1734 1389 1794 apeme
1403 1713 1603 1777 multitudine

543 1820 692 1902 flammae
709 1822 758 1885 aia
775 1822 973 1902 opprimitur,
992 1841 1078 1886 senes
1096 1827 1199 1885 autern
1217 1823 1271 1899 sio,
1288 1827 1324 1885 ut
1341 1841 1410 1884 mm
1424 1840 1484 1885 aua
1496 1826 1604 1901 sponte

544 1929 631 2010 mnis
652 1929 868 2009 eustinpuitur.

362 2031 424 2099 Sed
450 2038 523 2099 esto
547 2032 586 2098 de
609 2031 779 2118 Propertio
803 2041 837 2099 et
858 2035 921 2099 ista
943 2034 1195 2118 transpositione
1219 2034 1401 2117 verborum,
1424 2056 1488 2118 qua
1507 2033 1602 2098 nobis

364 2140 495 2224 quidem
524 2160 601 2205 cura
623 2141 825 2226 grammatici
848 2142 938 2206 color
959 2142 1106 2227 poeticus
1132 2143 1287 2206 orationis
1311 2140 1411 2206 deteri
1434 2162 1471 2205 ac
1494 2140 1602 2205 vitiari

365 2248 505 2312 ridetur:
529 2244 707 2312 Claudiano
726 2251 812 2312 certe
830 2270 871 2312 ne
889 2250 937 2314 sic
955 2249 1085 2333 quidem
1105 2249 1314 2333 succurritur3
1335 2269 1431 2331 quem
1451 2247 1538 2331 quod
1557 2248 1603 2312 ita
1617 2272 1644 2312 1⁰

367 2354 598 2438 interpretatur
615 2353 728 2418 Birtus
751 2353 804 2419 uu
825 2355 905 2420 uelut
924 2355 968 2420 loo
984 2357 1061 2436 fuit
1079 2376 1148 2420 cum
1164 2406 1171 2419 .
1186 2405 1206 2434 .,
1230 2376 1324 2418 suum
1343 2359 1481 2438 poetam,
1505 2377 1601 2438 quem

370 2482 461 2545 saepe
483 2461 580 2525 iustis
602 2460 754 2524 laudibus
776 2461 882 2542 effert,
904 2461 1138 2527 balbutientem
1163 2485 1202 2526 ex
1226 2466 1362 2526 venusto
1387 2462 1533 2546 quamvis
1557 2462 1604 2526 in-

372 2569 453 2632 vitus
476 2565 610 2633 reddere
631 2567 727 2632 nobis
749 2567 890 2652 videtur3
919 2589 992 2633 cum
1015 2570 1205 2654 praesertim
1229 2567 1292 2633 hoc
1315 2570 1451 2633 alterum
1475 2568 1605 2633 accedat

376 2673 606 2740 incommodum
633 2679 672 2738 ut
698 2674 762 2738 iam
791 2697 866 2758 pars
894 2675 995 2739 altera
1018 2675 1268 2760 comparationis
1290 2681 1352 2740 stat
1375 2695 1483 2740 masso
1505 2677 1608 2757 turpes

378 2784 458 2845 sanie
474 2787 543 2866 eet,
566 2780 716 2867 graviore
735 2781 941 2846 distinctione
960 2804 979 2845 a
999 2782 1220 2866 superioribus
1239 2785 1395 2865 separata,
1413 2781 1543 2846 vacillet
1560 2782 1607 2845 in-

382 2886 463 2972 seite3
484 2891 516 2953 et
539 2892 648 2952 tamen
670 2885 729 2952 has
753 2887 832 2952 duas
856 2909 926 2953 esse
950 2888 1094 2953 eiusdem
1114 2888 1335 2953 similitudinis
1353 2894 1462 2974 partes
1481 2887 1606 2972 liquido

386 3000 514 3077 apparet,
541 2995 625 3059 odat
646 3015 715 3059 cim
738 2995 783 3060 teo
807 2997 969 3060 iuvencam
986 2996 1127 3078 possedit
1149 3002 1177 3060 et
1198 2997 1317 3061 ancora
1338 2997 1420 3077 fodit
1442 2996 1606 3078 uupuibus,

388 3105 438 3164 stat
459 3121 564 3168 massa
590 3104 693 3183 tropis
719 3103 824 3200 sunm·
852 3124 957 3185 neque
980 3102 1015 3166 in
1038 3123 1076 3166 eo
1101 3103 1230 3186 quidem
1255 3104 1349 3168 aliter
1372 3104 1508 3168 sensisse
1532 3099 1607 3168 Ges-

390 3224 484 3272 nerum
513 3207 666 3274 credibile
698 3214 760 3291 est,
792 3209 849 3293 qui
877 3207 918 3273 ab
946 3209 1010 3272 ista
1037 3210 1296 3292 interpunctione
1323 3209 1481 3274 abstinuit
1509 3230 1607 3294 quam

393 3307 482 3379 Rieu
511 3315 640 3381 induxit
669 3316 802 3400 primus.
844 3314 958 3401 ltaque
987 3316 1035 3383 sic
1063 3316 1219 3383 rationem
1248 3315 1482 3399 concludimus,
1515 3314 1607 3381 Clau-
1621 3342 1648 3383 ao

397 3416 502 3486 (limum
523 3425 557 3488 in
580 3422 639 3488 illo
664 3423 761 3488 simili
785 3424 872 3507 quod
895 3446 914 3487 a
937 3422 1030 3488 leone
1048 3425 1180 3508 repetiit
1198 3423 1411 3508 pluribusque
1430 3424 1536 3488 verbis
1555 3447 1606 3488 ex·

398 3532 499 3593 antus
521 3535 579 3615 est,
602 3551 684 3614 quae
708 3534 784 3595 sunt
806 3530 938 3615 propria
960 3532 1064 3595 leonis
1087 3536 1214 3615 raptam
1237 3531 1403 3596 iuvencam
1424 3530 1607 3595 devorantis

399 3635 446 3694 dot
460 3655 560 3703 masaa
583 3639 685 3719 turpis
707 3639 797 3702 sanie
819 3638 974 3720 nodosque
995 3637 1143 3702 iubarum
1166 3640 1279 3703 martit
1301 3644 1329 3701 et
1351 3638 1427 3703 uites
1441 3644 1606 3719 pastorum

401 3734 501 3819 depluit
520 3746 589 3809 iras
611 3744 646 3808 in
668 3744 761 3809 ilium
784 3765 880 3827 quem
900 3744 982 3809 dicit
1000 3748 1162 3829 raptorem
1181 3742 1403 3826 Proserpinae,
1426 3742 1607 3824 Plutonem,

403 3841 473 3913 uenti
491 3851 597 3933 potuit
619 3855 653 3914 et
674 3872 733 3935 par
756 3850 828 3934 fuit,
851 3850 1086 3916 accommodari
1106 3851 1246 3916 voluisse
1265 3872 1368 3934 neque
1388 3851 1607 3935 imperfectam

404 3967 454 4015 mse
474 3956 550 4021 hanc
578 3960 757 4022 orationem
786 3979 890 4041 neque
915 3957 1133 4023 ‘artificiosam
1157 3957 1327 4022 verborum
1351 3957 1606 4021 collocationem'

405 4074 459 4135 prae
481 4084 510 4127 se
535 4065 628 4128 ferra
653 4062 737 4149 ‘Quo
765 4064 800 4128 in
826 4085 943 4149 genere
972 4085 1044 4130 cum
1073 4064 1151 4129 olim
1177 4064 1359 4148 exemplum
1383 4085 1422 4127 ex
1445 4062 1606 4127 Aeneidos

406 4180 467 4230 nono
483 4168 520 4255 (r.
534 4170 614 4256 337)
634 4170 673 4235 de
687 4169 761 4235 Nisi
779 4171 903 4236 furiosa
920 4171 1072 4236 caedendi
1091 4171 1268 4254 cupiditate
1287 4172 1501 4253 attulerimus,
1520 4170 1608 4254 quod

407 4264 436 4328 *Β
459 4273 676 4362 interpretibus
702 4276 898 4364 Vergilianis
927 4300 1095 4362 perperam
1123 4278 1315 4363 explicatur,
1347 4285 1434 4343 nunc
1461 4278 1540 4342 haec
1567 4300 1606 4341 ex

408 4368 533 4448 Aeneidos
554 4384 680 4450 decimo
703 4383 799 4471 (688)
822 4384 1045 4450 adscribimus.
1621 4411 1649 4451 ro

535 4493 577 4556 At
599 4492 686 4557 Iouis
706 4494 827 4557 interea
849 4493 977 4557 monitis
1000 4492 1177 4557 Mezentius
1198 4494 1313 4557 ardens

533 4599 666 4664 moeedit
684 4620 811 4681 prauae
833 4600 1024 4680 Parcasque
1046 4600 1171 4664 invadit
1193 4605 1325 4665 ouantes.

534 4711 720 4771 conmanunt
742 4706 923 4790 Tyrrhenae
945 4708 1027 4771 acies
1045 4712 1136 4788 atque
1158 4707 1301 4771 omnebus
1322 4708 1393 4786 uni,

535 4814 591 4876 uni
613 4812 754 4895 odiisque
776 4814 844 4878 uiro
866 4812 993 4894 udisque
1012 4813 1224 4895 frequentibus
1246 4816 1375 4878 instant.

535 4918 586 4984 m
608 4919 690 4984 uehat
710 4940 804 5001 rupea
825 4925 949 4985 uastum
970 4941 1051 5003 quae
1066 4922 1177 5001 prodit
1198 4922 1235 4984 iu
1258 4941 1372 5003 amum

537 5026 622 5091 obuia
645 5031 804 5092 uentorum
824 5027 924 5108 furiis
946 5033 1130 5108 eapostaw
1145 5033 1243 5108 ponto

537 5134 598 5197 oim
620 5139 762 5199 amdam
785 5138 876 5215 atoue
898 5135 1005 5198 minos
1026 5134 1141 5216 perfert
1163 5134 1299 5217 audique
1321 5134 1479 5215 morisque

539 5239 606 5319 ipsa
627 5240 757 5305 iumen
780 5260 920 5306 manem.
958 5239 1085 5305 Prolem
1108 5240 1314 5306 Doiidroouis
1336 5239 1477 5305 Hebrum

539 5348 643 5411 sternit
663 5346 766 5426 humi,
789 5367 860 5412 oum
882 5368 942 5429 quo
964 5347 1124 5430 Latapnm
1148 5347 1357 5429 Palmumque
1376 5348 1526 5429 supaoem.
