3925 6675
403 1126 469 1192 438
631 1129 688 1182 LV.
707 1129 823 1181 INDEX
841 1129 1056 1181 mononem
1073 1127 1305 1182 AESTIVARUM
1325 1129 1404 1181 1902.

564 1294 603 1356 Β.
639 1290 681 1356 οὗ
704 1291 798 1356 δεινοὶ
820 1290 985 1370 τωθάζειν
1007 1305 1044 1356 σε
1066 1291 1137 1374 τὴν
1160 1291 1378 1375 αὐλητρίδα

634 1408 702 1463 τῶν
723 1395 901 1482 ξυμποτῶν
921 1396 1102 1475 κλέψαντας

993 1508 1033 1570 Φ.
1065 1505 1184 1569 κολαν
1206 1503 1438 1589 αὐλητρίδα;

633 1613 669 1676 τί
688 1619 792 1677 ταῦτα
815 1615 939 1696 ληρεῖς,

491 1717 574 1786 Ibid.
595 1717 679 1783 1377

566 1828 607 1890 Φ.
637 1826 725 1904 ὄζος
746 1821 808 1909 μὲν
830 1819 895 1890 οὖν
916 1835 974 1910 τῆς
997 1826 1098 1912 δᾳδὸς
1121 1820 1219 1902 οὗτος
1242 1822 1352 1910 ἐξέχει.

564 1935 603 1996 Β.
636 1932 671 1996 τί
692 1930 798 2016 λέγεις
820 1931 877 2010 οὕς
900 1943 1013 2008 κοῖος
1036 1933 1138 2011 ὄζος;

493 2037 627 2124 Lyaiatr.
650 2038 715 2103 730

565 2147 602 2210 Γ.
851 2143 955 2210 οἴκαδ’
984 2143 1101 2212 ἐλθεῖν
1123 2146 1294 2229 βούλομαι.

636 2257 722 2317 οἴκοι
744 2252 807 2336 γάρ
826 2249 919 2317 ἐστιν
940 2248 1015 2336 ἔριά
1037 2276 1093 2336 μοι
1115 2253 1251 2335 μιλήσια

636 2358 701 2423 ὑπὸ
725 2370 793 2424 τῶν
817 2357 916 2424 σέων
938 2361 1216 2444 κατακαιιτόμενα.

1211 2469 1247 2530 A.
1278 2468 1404 2532 ποίων
1427 2463 1540 2544 odom

493 2569 574 2636 Ibid
594 2571 660 2636 920

565 2681 613 2744 Μ.
636 2682 743 2744 καίτοι
765 2680 803 2744 τὸ
827 2680 923 2744 δεῖνα
945 2681 1093 2756 ψίαθός
1116 2676 1181 2744 ἐστ’
1209 2677 1363 2757 ἐξοιστέα.

564 2788 606 2850 K.
638 2789 730 2852 τοία
752 2786 914 2863 bladum
936 2786 981 2869 μὴ
1011 2783 1079 2867 ’μοί
1099 2809 1145 2869 γε.

493 2889 574 2957 Ibid
594 2893 658 2958 971

566 3003 603 3064 X
627 3001 693 3064 ΓΤ.
725 2999 771 3082 μὰ
794 2996 850 3063 AC
878 2996 961 3062 ἀλλὰ
985 2999 1066 3082 φίλη
1089 2999 1144 3064 καὶ
1167 2999 1428 3082 παγγλυκερά.

566 3110 605 3170 X.
629 3107 695 3170 ΓΕ.
724 3105 817 3171 ποία
840 3104 1025 3188 γλυκερά;
1048 3107 1151 3189 μιαρὰ
1173 3105 1284 3190 μιαρά.

494 3209 576 3277 Ibid.
596 3211 681 3276 1177

567 3322 606 3385 A.
637 3328 723 3397 τοῖς
745 3315 962 3404 ξυμμάχοις
987 3317 1144 3397 ἐλθόντες
1166 3318 1419 3387 ἀνακοινώσατε.
1652 3333 1674 3390 t

567 3433 607 3491 A.
638 3430 818 3492 ποίοισιν
841 3421 867 3492 ὦ
889 3438 952 3491 τᾶν
974 3424 1208 3511 ξυμμάχοιςς

495 3532 575 3598 Rau.
595 3532 661 3597 529

567 3638 603 3712 Ξ.
636 3637 692 3705 καὶ
714 3650 799 3717 τοῖς
819 3645 979 3705 θεοῖσιν
1001 3636 1173 3725 έαιτρέαω.

1155 3752 1197 3813 Δ.
1229 3749 1361 3824 ποίοις
1384 3754 1512 3825 θεολς;

495 3852 581 3919 Plut.
605 3854 690 3919 1046

567 3966 607 4027 Χ
638 3959 726 4029 έοικτ
748 3963 814 4029 διὰ
835 3967 986 4031 κολλοῦ
1009 3964 1154 4049 χρόνον
1178 3960 1209 4027 o‘
1236 3960 1417 4043 ἑορακέναι.

567 4071 603 4134 Γ.
638 4072 755 4135 ποίου
779 4072 925 4155 χρόνον
947 4067 1141 4153 ταλάνταθ’,
1165 4067 1202 4146 ὃς
1224 4066 1300 4153 παρ’
1328 4067 1402 4151 ἐμοὶ
1424 4066 1506 4154 χθὲς
1528 4064 1579 4153 ἦν.

405 4174 445 4241 In
466 4176 520 4241 his
543 4198 625 4261 qnae
647 4175 837 4262 collegimus
859 4176 922 4242 niai
945 4176 1025 4261 qnid
1047 4198 1106 4241 noa
1128 4174 1214 4263 fugit
1232 4176 1402 4261 perspicua
1420 4180 1469 4241 ent
1487 4198 1525 4243 ea
1543 4198 1639 4261 quam

405 4283 440 4348 in
470 4283 533 4350 hoe
563 4282 718 4368 loquendi
749 4282 845 4349 modo
873 4283 938 4349 vim
971 4284 1076 4349 inesae
1104 4283 1256 4349 diximus:
1288 4282 1425 4368 repetito
1454 4284 1539 4349 enim
1567 4304 1640 4349 eum
1681 4288 1685 4297 '

365 4418 394 4459 aa
406 4390 597 4477 pronomine
619 4400 716 4466 κοῖος
737 4389 850 4455 eodem
872 4412 948 4456 oaau
971 4390 1101 4456 nomine
1123 4389 1210 4475 quod
1228 4388 1436 4455 antecedebat
1453 4389 1641 4475 repudiatur

406 4497 447 4562 ab
471 4496 572 4562 altero
596 4496 631 4560 id
657 4496 745 4581 quod
771 4501 925 4581 posuerat
950 4500 1027 4562 ante
1054 4496 1136 4563 alter
1167 4501 1201 4561 et
1232 4496 1266 4562 id
1295 4496 1424 4581 quidem
1453 4516 1547 4581 saepe
1575 4516 1641 4561 non

407 4605 476 4669 aine
494 4602 634 4688 quodam
652 4602 752 4669 animi
769 4608 870 4688 motu,
888 4605 956 4669 aive
974 4603 1196 4692 indignatione
1215 4602 1282 4668 aive
1300 4602 1526 4669 admiratione:
1545 4602 1641 4679 τοίας

407 4710 543 4796 ἀχάναςε
564 4710 643 4794 quid
663 4715 698 4776 to
715 4710 795 4775 miti
812 4730 930 4777 narrat
947 4710 1093 4795 ἀχάναςῖ
1115 4720 1195 4777 κολα
1216 4710 1375 4795 σκόροδαι
1397 4730 1478 4792 quae
1495 4711 1642 4795 σκόροδα

407 4816 460 4883 vel
481 4818 559 4900 qaid
575 4823 610 4884 to
627 4816 707 4883 νιιλιι·
729 4818 896 4901 exonoba?
932 4815 982 4884 Ao
1004 4838 1248 4903 nonnumquam
1266 4816 1428 4883 adduntur
1451 4816 1569 4901 quibua
1587 4815 1642 4881 hio

408 4946 520 4991 aeneus
542 4946 581 4990 eo
604 4924 747 5010 apertius
770 4924 984 5011 significetur,
1011 4929 1046 4991 τί
1066 4934 1169 4991 ταῦτα
1193 4929 1315 5010 ληρεῖς,
1344 4922 1386 4989 οὐ
1409 4925 1453 5008 μὴ
1476 4926 1641 5011 ληρήσεις,

408 5031 535 5097 similia
581 5030 644 5097 Sed
668 5031 843 5097 cavendum
865 5036 928 5117 eet,
950 5054 992 5098 ne
1014 5032 1066 5097 hia
1089 5032 1330 5097 imlniaoeantur
1352 5050 1434 5116 quae
1456 5030 1534 5097 lieet
1556 5028 1642 5095 simi-

408 5138 473 5203 lem
490 5138 629 5205 formam
645 5138 787 5205 habeant
804 5144 914 5205 tamen
931 5162 951 5204 a
970 5138 1126 5226 simplidis
1144 5137 1408 5225 interrogationis
1428 5136 1563 5202 oonsilio
1577 5156 1643 5202 non

408 5244 590 5330 diaeedunt,
616 5245 706 5311 velut
727 5245 787 5312 Av.
809 5246 895 5312 1346
922 5247 1086 5331 βούλομαι
1114 5246 1220 5311 ολκελν
1241 5242 1318 5330 μεθ’
1346 5244 1440 5326 ὑμῶν
1462 5241 1643 5329 modendi

408 5366 485 5421 τῶν
507 5357 645 5437 νόμων.
684 5356 707 5417 Γ
733 5354 858 5419 τοίων
880 5356 1026 5439 νόμωνς
1048 5353 1165 5419 πολλοὶ
1190 5354 1252 5439 γὰρ
1277 5352 1428 5437 ὀρνίθων
1451 5352 1563 5435 νόμοι,
1591 5350 1644 5417 vel
