3925 6675
551 1142 731 1194 §morus
749 1143 945 1195 PLATONlCI
964 1143 1261 1196 OBSERVATIONES
1280 1147 1314 1196 ll.
1499 1144 1565 1208 389

334 1324 403 1367 esse
426 1301 653 1388 insipientiam,
677 1304 733 1369 sed
754 1304 911 1388 quiahoc
929 1306 1136 1389 consequitur
1154 1327 1194 1370 ex
1213 1305 1281 1370 eius
1299 1306 1479 1372 rationibus
1500 1307 1568 1390 qui-

334 1407 395 1474 bus
417 1413 485 1474 tam
509 1414 584 1475 ante
607 1432 703 1494 quam
726 1415 839 1495 postea
861 1412 1020 1495 exposuit,
1042 1411 1126 1476 nihil
1148 1413 1252 1498 magis
1276 1413 1386 1478 decere
1408 1413 1568 1497 sapientes

333 1537 430 1600 quam
466 1538 584 1603 magna
618 1515 709 1581 lucra
741 1518 846 1583 facere
877 1541 917 1582 ex
944 1519 1103 1602 sapientia
1130 1518 1217 1605 (vide
1240 1543 1270 1605 p.
1294 1519 1375 1605 388,
1401 1521 1416 1584 1
1446 1519 1567 1606 allata).

332 1621 404 1687 Hac
431 1624 516 1687 enirn
546 1623 697 1709 opinione
725 1625 852 1690 imbuto
879 1634 1023 1690 veterum
1051 1647 1133 1710 quae
1160 1627 1296 1691 refertur
1324 1627 1452 1693 vivendi
1474 1629 1568 1713 ratio,

333 1751 397 1814 qua
414 1731 578 1817 negligere
596 1731 706 1815 potius
724 1753 821 1815 quam
840 1751 1028 1796 conservare
1042 1737 1074 1797 et
1088 1753 1205 1818 augere
1219 1734 1438 1817 possessiones
1452 1735 1566 1819 solent,

332 1858 398 1901 non
421 1841 529 1921 potest
551 1837 614 1902 nisi
638 1839 741 1903 multa
763 1836 891 1922 ἀμαθία
913 1837 1024 1902 rideri.
1062 1836 1175 1924 Itaque
1197 1844 1347 1923 putamus
1366 1843 1451 1905 recte
1471 1842 1567 1906 scribi

332 1954 401 2008 τῶν
422 1942 594 2030 προτέρων
616 1943 745 2028 λέγεται
767 1946 874 2028 πολλὴ
897 1944 1026 2028 ἀμαθία
1048 1947 1131 2011 κατὰ
1153 1947 1213 2011 τὸν
1232 1947 1294 2012 σὸν
1313 1949 1415 2030 λόγον
1434 1946 1465 2012 h.
1480 1969 1505 2014 e.
1528 1947 1567 2012 de

332 2048 496 2116 veteribus
523 2051 663 2116 traditur
686 2072 767 2135 quae
790 2056 839 2117 est
861 2074 979 2138 magna
1001 2051 1187 2137 insipientia
1209 2075 1248 2118 ex
1274 2057 1331 2118 tua
1353 2053 1486 2120 ratione.
1523 2054 1567 2119 llt

331 2155 396 2222 hoc
418 2159 524 2242 aptius
547 2162 617 2222 erat
639 2179 712 2222 cum
735 2157 807 2242 ipsa
828 2159 1017 2224 formatum
1038 2163 1170 2244 propter
1189 2182 1226 2224 ea
1245 2182 1326 2244 quae
1344 2161 1567 2246 insequuntur,

332 2262 468 2347 λέγουσι
491 2261 529 2330 δὲ
551 2263 606 2330 καί
629 2266 705 2350 περὶ
728 2266 840 2330 ἄλλων
861 2277 931 2330 τῶν
952 2271 1105 2331 παλαιῶν
1127 2265 1222 2348 ἕτερα
1244 2276 1390 2332 τοιαῦτα.
1581 2290 1608 2330 ιο

422 2370 562 2454 Λέγεται
594 2373 692 2436 tutati
726 2394 851 2436 sumus:
883 2372 962 2456 quid
991 2373 1090 2437 verba
1116 2371 1192 2458 περὶ
1214 2371 1457 2458 Ἀναξαγόρουῖ
1488 2397 1566 2439 eane

331 2477 519 2564 putabimus
542 2479 576 2542 in
599 2481 744 2564 margine
762 2479 912 2564 apposita
929 2479 1040 2562 fnisse,
1063 2485 1100 2544 ut
1118 2483 1195 2545 nota
1214 2485 1300 2546 esset
1319 2480 1363 2544 ibi
1384 2481 1423 2545 de
1441 2481 1567 2546 Anaxa·

331 2607 411 2671 gora
438 2584 515 2670 agi?
547 2583 640 2662 Quod
668 2587 696 2650 si
724 2587 911 2671 statuimus,
936 2608 1044 2652 nonne
1072 2587 1188 2651 mirum
1212 2587 1313 2652 videri
1338 2587 1446 2672 debet,
1474 2587 1566 2652 illum

330 2691 441 2757 nescio
469 2714 564 2776 quem
593 2692 655 2756 hoc
678 2715 743 2757 uno
766 2694 839 2757 loco
862 2695 1045 2779 argumenti
1067 2694 1222 2758 indicium
1246 2695 1374 2778 fecisse,
1401 2716 1467 2758 non
1490 2694 1566 2780 περὶ

333 2801 478 2882 Γοργίου
502 2803 559 2863 aut
580 2797 656 2884 περὶ
677 2801 852 2883 Προδίκου
875 2797 920 2886 (p.
940 2801 970 2885 2,
989 2801 1042 2864 21.
1061 2799 1129 2888 26),
1152 2823 1212 2866 nec
1234 2799 1310 2882 περί
1330 2801 1567 2884 Νεοπτολέμου

330 2903 386 2970 καὶ
409 2903 579 2990 Νέστορος
601 2903 645 2991 (p.
665 2905 700 2990 8,
719 2906 755 2991 2)
784 2927 889 2990 neqne
916 2906 996 2971 adeo
1024 2905 1099 2993 περὶ
1131 2909 1268 2972 Φειδίου
1291 2905 1335 2992 (p.
1359 2907 1491 2994 13,12)
1515 2909 1567 2972 ad·

330 3013 510 3096 scripsisse,
537 3034 647 3078 verum
675 3035 775 3077 unum
804 3011 881 3096 περὶ
900 3011 1126 3099 Ἀναξαγόρου
1149 3011 1290 3078 Socratis
1313 3015 1490 3078 sententiae
1513 3015 1566 3078 ad-

329 3119 469 3183 levisse?
504 3117 568 3183 Sed
596 3118 761 3184 videamus
790 3119 908 3204 quibus
934 3120 1039 3184 causis
1062 3119 1119 3184 illa
1142 3120 1205 3185 duo
1230 3120 1327 3185 verba
1349 3121 1388 3186 de
1412 3142 1470 3186 suo
1493 3119 1565 3186 loco

328 3225 507 3291 deiicienda
534 3229 694 3291 censeant.
730 3225 801 3303 Qua
823 3226 920 3290 dere
942 3225 1150 3292 Heindorfius
1174 3226 1219 3292 ita
1242 3228 1384 3310 disserit,
1411 3233 1449 3292 ut
1472 3225 1564 3292 ‘ferri

330 3355 426 3417 posse
447 3338 545 3421 neget
567 3333 729 3418 duplicem
753 3334 932 3421 genitivum
954 3344 1023 3399 τῶν
1045 3333 1218 3419 προτέρων
1240 3339 1273 3399 et
1291 3333 1508 3421 Ἀναξαγόρου
1532 3340 1564 3400 et
1578 3358 1605 3397 so

330 3440 590 3505 molestissimam
619 3463 696 3505 mox
721 3442 863 3506 nominis
891 3442 1094 3506 iterationem
1118 3463 1187 3506 esse
1210 3442 1349 3507 affirmet
1369 3440 1565 3529 Ἀναξαγόρᾳ

331 3570 392 3632 pro
415 3548 504 3636 αὐτῷ
523 3546 575 3613 vel
597 3548 726 3636 τούτῳ)
750 3547 854 3625 Quare
873 3546 1112 3632 Sydenhamum
1136 3548 1253 3634 probat
1276 3551 1331 3633 qui
1351 3548 1455 3615 deleto
1471 3547 1565 3614 Ἀνα·

332 3653 477 3738 ξαγόρου
499 3655 629 3719 nomine
651 3653 824 3741 προτέρων
844 3654 921 3739 πέρι
943 3656 1100 3739 reposuit:
1123 3668 1192 3720 τῶν
1215 3658 1277 3738 γὰρ
1301 3656 1472 3741 προτέρων
1490 3655 1565 3739 πέρι

328 3760 457 3844 λέγεται
485 3783 518 3827 τ.
536 3760 565 3826 d.
605 3760 694 3837 Quae
722 3762 934 3827 conformatio
962 3763 1023 3828 etsi
1051 3763 1113 3828 hoc
1139 3762 1217 3827 boni
1245 3762 1356 3845 habet,
1385 3762 1479 3827 utin
1503 3764 1566 3827 ista

328 3866 542 3953 ambiguitate
568 3866 644 3951 περὶ
673 3866 777 3955 (πέρι)
805 3869 1057 3953 praepositionis
1085 3868 1178 3934 facile
1202 3869 1412 3955 intelligatur,
1431 3867 1565 3947 Ἀναξα-

331 3977 436 4059 γόρου
457 3996 575 4039 nomon
598 3974 683 4039 unde
705 3980 817 4041 natum
841 3979 874 4040 et
895 3976 958 4040 huc
981 3975 1108 4039 illatum
1133 3976 1183 4059 sit,
1206 3980 1312 4040 tamen
1337 3977 1390 4040 isti
1412 3977 1564 4060 orationi,

327 4102 410 4165 quae
418 4080 608 4147 Heindorlio
622 4080 849 4169 perplacuit*),
862 4080 991 4146 dubites
1004 4104 1046 4146 an
1060 4103 1125 4145 non
1139 4082 1347 4166 praeferenda
1363 4082 1406 4146 sit
1420 4082 1560 4147 Belrlreri

326 4188 425 4271 ratio,
452 4208 518 4252 non
534 4186 755 4273 Ἀναξαγόρου
782 4188 838 4253 sed
864 4187 941 4273 περί
959 4187 1184 4273 Ἀναξαγόρου
1207 4188 1372 4253 eiicientis.
1409 4186 1472 4253 Sed
1496 4188 1558 4253 hoc

326 4298 401 4360 utut
419 4300 477 4377 est,
495 4294 590 4359 nobis
609 4296 818 4380 expendenda
835 4300 911 4361 sunt
925 4295 1104 4360 Heindorfii
1125 4299 1322 4381 argumenta,
1342 4297 1397 4379 qui
1416 4298 1556 4381 primum

325 4402 507 4487 geminatos
524 4403 691 4488 genetivos
710 4403 881 4467 accusavit
918 4401 981 4479 Qui
999 4407 1107 4467 tamen
1126 4402 1205 4466 adeo
1224 4402 1349 4467 divorsa
1368 4407 1443 4467 sunt
1461 4424 1556 4469 causa
1578 4424 1605 4463 οο

326 4512 358 4572 et
381 4506 579 4593 condicione,
600 4513 638 4573 ut
661 4530 755 4596 aegre
778 4508 940 4597 intelligas
960 4510 992 4573 in
1013 4510 1053 4573 iis
1072 4510 1251 4576 coniunctis
1271 4531 1352 4594 quae
1371 4532 1439 4575 esse
1459 4510 1557 4575 offen-

328 4614 376 4679 sio
399 4614 510 4699 possit.
547 4614 678 4681 Etenim
702 4616 742 4680 de
761 4618 879 4682 veteris
897 4618 1013 4681 aetatis
1032 4616 1231 4701 sapientibus
1251 4616 1296 4681 ita
1315 4616 1383 4703 agit
1402 4616 1548 4682 Socrates

325 4724 363 4785 ut
385 4720 612 4809 Anaxagoram
640 4744 679 4787 er
705 4724 746 4787 iis
769 4724 908 4807 exempli
932 4745 1028 4788 causa
1050 4724 1163 4809 eligat,
1191 4726 1224 4788 in
1248 4746 1312 4808 quo
1336 4724 1465 4789 illorum
1488 4746 1557 4808 per·

326 4830 512 4893 versitatem
540 4829 668 4895 vivendi
697 4830 846 4895 ostendat
874 4834 907 4893 et
934 4834 1052 4915 carpat.
1090 4829 1162 4895 Nisi
1189 4832 1261 4914 quis
1285 4829 1368 4895 forte
1392 4830 1503 4895 haeret
1526 4830 1560 4895 in

326 4956 365 4999 eo
384 4935 471 5019 quod
489 4936 658 5022 genetivus
677 4938 739 5001 iste
756 4937 929 5022 partitivus
947 4938 1172 5021 praemittatur
1191 4937 1376 5019 sententiae,
1396 4948 1464 5002 τῶν
1481 4960 1559 5021 προ-

326 5042 434 5124 τέρου
454 5042 530 5125 περί
549 5041 766 5129 Ἀναξαγόρου
791 5044 920 5128 λέγεται
942 5050 1009 5109 κτλ.
1048 5043 1111 5108 Sed
1135 5044 1168 5109 id
1191 5049 1227 5109 ut
1246 5045 1300 5109 vix
1319 5046 1413 5108 aliter
1432 5044 1560 5107 institui

327 5150 445 5234 potuit,
467 5150 514 5215 ita
536 5153 757 5236 exemplorum
782 5151 846 5217 fide
869 5150 1105 5235 comprobatur,
1129 5150 1269 5236 Hippiae
1293 5150 1423 5215 maioris
1446 5172 1476 5235 p.
1496 5150 1561 5233 2,4

420 5308 484 5377 ’27)
502 5308 602 5377 Neque
620 5326 654 5363 ea
673 5308 868 5379 vituperabilis
887 5312 938 5377 est,
957 5308 1035 5363 velut
1053 5308 1082 5362 in
1102 5308 1204 5377 Lyside
1223 5306 1327 5377 legitur
1344 5324 1371 5376 p.
1388 5313 1430 5371 cl,
1445 5312 1479 5361 20
1497 5308 1561 5375 mol

326 5394 534 5467 Δημοκράτους
551 5398 599 5451 nul
618 5398 741 5460 Λύσιδος
758 5406 808 5452 τοῦ
826 5398 946 5453 πάππου
964 5399 1013 5452 sal
1032 5396 1148 5452 πάντων
1166 5396 1243 5465 πέρι
1263 5404 1317 5451 τῶν
1336 5393 1491 5465 προγόνων.
