3925 6675
710 1148 959 1212 comemorans
977 1149 1286 1201 amaropuaunan.
1551 1145 1615 1210 307

692 1308 747 1375 καὶ
770 1312 971 1394 βωμολόχων
994 1310 1237 1394 δημοπιθήκων

564 1417 651 1483 1086
697 1414 981 1495 ἐξαπατώντων
1004 1418 1073 1483 τὸν
1096 1418 1222 1502 δῆμον
1246 1417 1318 1500 ἀεί,

694 1525 848 1608 λαμπάδα
871 1521 901 1588 d’
929 1521 1042 1600 οὐδεὶς
1065 1513 1134 1600 οἷός
1157 1547 1192 1589 τε
1215 1523 1332 1608 φέρειν

693 1629 749 1697 ὑπ’
776 1629 982 1715 ἀγυμνασίας
1005 1626 1054 1694 ἔτι
1078 1633 1165 1696 νυνί.

377 1738 435 1805 De
464 1761 560 1804 versu
591 1738 676 1803 1086
700 1737 860 1824 Bergkius
888 1737 1012 1822 primns
1040 1739 1101 1802 iam
1132 1741 1202 1802 tum
1230 1759 1302 1803 eum
1330 1740 1469 1822 primum
1497 1737 1621 1803 Aristo-

378 1846 506 1932 phanis
529 1846 710 1912 comoedias
734 1844 841 1908 ederet
861 1866 887 1908 a.
909 1843 995 1908 1852
1019 1845 1052 1908 in
1075 1843 1275 1929 praefatione
1299 1846 1437 1910 breviter
1455 1844 1622 1911 adnotavit

380 1952 474 2019 ‘fort
493 1951 655 2017 subditius
673 1953 744 2035 est’,
767 1950 866 2034 idque
884 1952 1002 2016 iterata
1019 1950 1160 2017 editione
1178 1974 1205 2016 a.
1227 1952 1311 2017 1867
1332 1953 1471 2037 repetiit,
1493 1973 1621 2018 versum

380 2061 496 2144 ipsum
527 2080 588 2124 nec
619 2058 692 2124 loco
724 2057 827 2122 movit
858 2078 962 2142 neque
990 2058 1083 2123 obelo
1112 2058 1245 2123 notavit
1287 2057 1358 2136 Quo
1386 2063 1517 2124 auctore
1545 2057 1622 2123 Mei-

381 2165 504 2231 notius
531 2164 729 2231 confidenter
756 2185 884 2229 versum
912 2186 970 2228 sua
997 2165 1072 2229 sede
1099 2165 1324 2249 proturbatum
1353 2167 1387 2230 in
1414 2168 1514 2230 imum
1542 2188 1621 2230 mar·

384 2274 499 2359 ginem
529 2273 692 2360 relegavit.
732 2270 920 2356 Eademque
947 2277 1053 2336 mente
1077 2271 1234 2338 Velsenus
1262 2295 1389 2338 versum
1417 2277 1529 2356 utpote
1558 2272 1621 2337 iarn
1636 2299 1662 2338 ιο

387 2376 585 2464 ἐστιγμένον
612 2401 713 2444 uncos
741 2380 867 2444 trahere
896 2379 999 2443 iussit
1037 2378 1181 2445 Kockius
1210 2402 1337 2464 quoque
1365 2385 1398 2445 et
1425 2379 1623 2464 Blaydesius,

388 2488 446 2570 qni
474 2489 570 2552 istam
597 2488 790 2552 sententiam
818 2485 1057 2552 memorandam
1083 2486 1257 2570 duxerunt,
1283 2487 1433 2553 nonnihil
1456 2488 1485 2551 ei
1508 2487 1623 2571 proba-

390 2592 527 2659 bilitatis
550 2594 625 2659 dare
648 2593 805 2658 ridentur.
844 2591 906 2658 Sed
929 2615 1034 2678 neque
1056 2593 1091 2658 hi
1112 2595 1168 2678 qui
1187 2593 1352 2678 ἐπέχουσι,
1376 2616 1479 2678 neque
1499 2593 1546 2657 illi
1566 2595 1621 2677 qui

395 2721 483 2765 rcum
506 2700 767 2784 condemnarunt,
791 2700 962 2785 quicquam
986 2701 1130 2785 rationis,
1154 2724 1218 2786 quo
1238 2701 1391 2768 iudicium
1410 2702 1530 2765 factum
1550 2723 1622 2764 con-

399 2805 580 2891 firmaretur,
603 2807 794 2872 attulerunt:
822 2813 859 2871 ut
881 2808 991 2893 magni
1014 2808 1118 2874 critici
1142 2809 1260 2888 solent,
1285 2808 1347 2873 sibi
1370 2807 1456 2874 credi
1479 2809 1623 2891 cupiunt,

405 2914 645 2999 agmentando
661 2914 848 2980 convincere
862 2913 945 2979 nihil
960 2918 1083 2980 curant.
1106 2913 1199 2979 Unus
1211 2914 1416 2998 Leeuwenus,
1430 2915 1623 2979 novissimus

408 3015 554 3087 Remmm
578 3021 748 3107 interpres,
774 3042 869 3085 versu
897 3022 974 3086 item
998 3021 1033 3085 in
1056 3021 1296 3086 adnotationem
1322 3023 1440 3087 reiecto
1464 3022 1623 3106 originem

343 3188 344 3197 ,
376 3125 523 3206 tequidem
544 3128 756 3194 additamenti
770 3125 884 3193 (lebeti
907 3129 1055 3213 exemplo
1080 3130 1212 3212 aperuit,
1237 3151 1309 3194 cum
1332 3130 1378 3192 ita
1402 3128 1520 3194 diceret
1544 3129 1622 3191 ‘ver-

343 3238 346 3247 '
419 3248 484 3316 tun,
511 3258 602 3320 quem
634 3236 763 3322 peperit
794 3235 955 3321 glossema
985 3236 1078 3319 quale
1109 3235 1210 3299 Beklr.
1235 3235 1353 3300 Anecd.
1377 3259 1407 3320 p.
1432 3235 1475 3298 34
1502 3234 1623 3320 legitur

354 3389 356 3400 ·
424 3333 620 3426 θιμοτίθηκος
648 3342 666 3407 ὁ
694 3341 864 3420 ἐξαπατῶν
890 3344 950 3408 τὸν
977 3344 1098 3426 δῆμον,
1127 3344 1244 3407 delevit
1272 3341 1406 3428 Bergk!
1446 3341 1623 3426 Phrynichi
1637 3368 1663 3408 ro

353 3481 357 3492 ·
426 3445 488 3521 luod
509 3450 585 3517 dicit
612 3451 847 3533 testimonium,
874 3451 966 3514 cuius
990 3450 1115 3535 integra
1139 3451 1235 3515 verba
1257 3450 1335 3515 haec
1359 3457 1436 3515 sunt
1459 3452 1622 3533 δημοπι-

353 3565 358 3638 !
427 3548 528 3631 lutae·
548 3556 566 3621 ὁ
584 3555 756 3635 ἐξαπατῶν
774 3558 832 3622 τὸν
852 3558 960 3641 δῆμον
978 3555 1033 3621 καὶ
1052 3559 1218 3621 θωπεύων
1237 3563 1427 3636 κολακικῶς,
1451 3578 1516 3621 non
1535 3579 1623 3641 prae-

343 3707 357 3750 ,
427 3654 490 3723 leriit
507 3685 543 3728 ns
565 3666 749 3749 superiores
772 3664 901 3748 quidem
924 3664 1130 3748 interpretes,
1159 3663 1385 3747 Fritzschium,
1410 3663 1622 3747 Dindorfium,

343 3745 357 3770 Μ
426 3759 466 3823 ⁸51
482 3787 512 3833 eo
532 3773 581 3836 usi
604 3793 672 3836 non
691 3775 767 3835 sunt
785 3771 820 3834 in
837 3770 925 3836 hunc
943 3772 1083 3855 modum,
1105 3793 1171 3837 non
1191 3773 1292 3857 magis
1312 3794 1409 3855 quam
1428 3792 1509 3854 quae
1528 3772 1624 3834 inter·

425 3879 478 3939 lm
495 3873 628 3945 Graecus
656 3876 696 3943 ad
723 3876 815 3942 illum
845 3900 970 3944 versum
1000 3878 1180 3962 adnotavit,
1208 3901 1303 3963 quem
1327 3877 1564 3943 Ruthcrfordus
1590 3879 1624 3940 iu

423 3971 506 4046 ⁰⁰⁶1oe
524 3983 704 4051 Ravennati
727 4006 824 4070 super
845 3987 1047 4070 βωμολόχων
1070 3988 1216 4070 posuisse
1238 3996 1469 4071 συκοφαντῶν,
1492 3984 1532 4047 ad
1556 4006 1623 4047 ver·

420 4086 476 4145 ’ΠΜ
500 4097 601 4157 autem
634 4091 720 4156 1085
753 4103 820 4157 τῶν
854 4093 914 4156 τὸν
941 4093 1049 4175 δῆμον
1075 4096 1325 4158 κολακευόντων
1352 4090 1406 4157 καὶ
1435 4093 1624 4156 πειθόντων

416 4176 543 4264 1*ἐῑθιιιττο
575 4203 728 4284 testatur3
760 4199 815 4281 qui
848 4204 880 4263 et
907 4200 976 4282 ipse
1005 4221 1044 4288 ex
1072 4201 1179 4264 nescio
1208 4223 1272 4283 qua
1300 4199 1506 4264 adnotatione
1534 4196 1623 4261 scho-

413 4272 507 4369 Μ
527 4307 672 4391 mnrium
697 4327 792 4391 quem
816 4305 894 4370 dicit
919 4328 1044 4370 versum
1073 4307 1156 4371 1086
1181 4306 1417 4384 ἐξαπατώντων
1440 4307 1498 4369 τὸν
1517 4307 1624 4387 δῆμον

343 4449 344 4456 1
408 4377 627 4487 [4⁸1]qu
650 4412 815 4497 opinatur,
842 4412 875 4476 id
899 4412 986 4496 quod
1009 4413 1102 4476 nobis
1126 4413 1218 4477 valde
1238 4434 1305 4477 esse
1329 4412 1515 4498 ambiguum
1538 4412 1623 4475 vide·
1637 4436 1665 4477 so

404 4486 465 4586 lm,
479 4520 625 4602 quoniam
644 4541 683 4584 ex
702 4520 773 4584 istis
793 4519 984 4585 scholiastae
1003 4519 1109 4584 verbis
1129 4521 1156 4584 is
1176 4542 1284 4584 versus
1303 4521 1416 4605 effingi
1434 4541 1500 4584 nou
1516 4521 1624 4603 potuit

398 4599 430 4658 ‘l
457 4635 529 4699 quae
551 4630 717 4711 praeterea
740 4625 838 4690 fuerit
860 4626 1025 4691 adnotatio
1050 4627 1125 4690 sciri
1148 4649 1214 4691 non
1237 4632 1357 4711 potest:
1380 4626 1443 4690 nisi
1467 4627 1552 4690 l'orte
1575 4626 1624 4688 vir

391 4694 506 4797 doctu,
528 4736 562 4798 in
585 4734 783 4799 contrarium
807 4734 1026 4816 ratiocinatur,
1050 4734 1126 4816 quia
1149 4756 1260 4798 versus
1279 4735 1407 4818 spurius
1427 4733 1479 4814 sit,
1503 4754 1625 4797 eonon

379 4816 488 4899 P⁰⁸Se
509 4841 579 4905 lieri
602 4841 682 4924 quin
705 4841 774 4904 eius
797 4840 894 4905 verba
912 4840 1034 4905 luerint
1053 4840 1087 4905 in
1105 4840 1296 4906 scholiastae
1315 4841 1534 4905 adnotatione:
1559 4861 1624 4922 quo

373 4919 495 5015 “mgis
521 4950 676 5033 appareat
703 4944 837 5011 libidine
865 4948 932 5032 agi,
959 4969 1025 5011 non
1053 4947 1173 5013 iudicio
1202 4970 1238 5011 ae
1265 4950 1398 5012 ratione.
1436 4945 1521 5010 Illud
1548 4967 1623 5009 vero

351 5022 571 5166 {Deciorum
594 5058 653 5132 est,
676 5052 763 5137 quod
786 5075 867 5137 quae
886 5054 984 5118 verba
1008 5059 1083 5118 sunt
1106 5056 1139 5118 in
1164 5076 1257 5119 versu
1279 5055 1363 5118 1086
1388 5054 1500 5117 iisdem
1524 5072 1624 5134 paene

342 5115 612 5302 AJlff't'lrichuur
643 5162 877 5244 όημοπόθηκον
905 5159 1048 5225 videmus
1076 5162 1288 5245 interpretari.
1331 5160 1377 5226 Ut
1404 5161 1430 5223 si
1458 5160 1485 5223 is
1514 5179 1625 5220 versus

432 5262 620 5352 *tophanis
648 5288 714 5332 non
742 5272 804 5351 est,
831 5265 1006 5332 habeamus
1034 5272 1120 5332 certe
1148 5268 1232 5332 uude
1260 5291 1297 5332 ea
1320 5268 1417 5331 verba
1439 5268 1474 5329 in
1496 5268 1624 5348 poetam

342 5333 546 5441 ‘fluam
568 5374 722 5441 dicamus.
760 5371 822 5439 Sed
846 5375 929 5439 sitne
953 5373 1211 5459 Aristophaneus
1234 5397 1275 5438 an
1298 5396 1364 5438 non
1387 5375 1442 5456 sit,
1470 5370 1557 5435 haud
1579 5371 1625 5433 fa·

1356 5480 1411 5530 ιο*
